@article{LevyEA2015b,
author = {Omer Levy and Yoav Goldberg and Ido Dagan},
title = {Improving Distributional Similarity with Lessons Learned from Word Embeddings},
journal = {{Transaction of the Association for Computational Lingusitics}},
volume = {3},
pages = {211--225},
year = {2015}
}
@article{SaltonEA1988,
author = {Salton, Gerard and Buckley, Christopher},
title = {Term-weighting Approaches in Automatic Text Retrieval},
journal = {Information Processing Management},
issue_date = {1988},
volume = {24},
number = {5},
year = {1988},
pages = {513--523},
url = {http://dx.doi.org/10.1016/0306-4573(88)90021-0},
doi = {10.1016/0306-4573(88)90021-0},
}
@inproceedings{Turney2001,
author = {Turney, Peter D.},
title = {Mining the Web for Synonyms: PMI-IR Versus LSA on TOEFL},
booktitle = {Proceedings of the 12th European Conference on Machine Learning},
year = {2001},
pages = {491--502},
publisher = {Springer-Verlag},
address = {London, UK, UK},
}
@book{Eco1976,
author = {Umberto Eco},
title = {A Theory of Semiotics},
publisher = {Indiana University Press},
year = {1976},
}
@article{MacWhinney1998,
author = {Brian MacWhinney},
title = {Models of the Emergence of Language},
journal = {Annual Review of Psychology},
volume = {49},
pages = {199--227},
year = {1998},
}
@article{BasharinEA2004,
title = "The life and work of A.A. Markov",
journal = "Linear Algebra and its Applications",
volume = "386",
pages = "3--26",
year = "2004",
note = "Special Issue on the Conference on the Numerical Solution of Markov Chains 2003",
doi = "http://dx.doi.org/10.1016/j.laa.2003.12.041",
url = "http://www.sciencedirect.com/science/article/pii/S0024379504000357",
author = "Gely P. Basharin and Amy N. Langville and Valeriy A. Naumov",
}
@inbook{SperberEA2012,
title = {A Deflationary Account of Metaphors},
author = {Dan Sperber and Deirdre Wilson},
booktitle = {Meaning and Relevance},
editor = {Deirdre Wilson and Dan Sperber},
publisher = {Cambridge University Press},
year = {2012},
}
@article{GibbsEA2006,
number = {3},
publisher = {Wiley-Blackwell},
journal = {Mind and Language},
volume = {21},
pages = {379--403},
author = {Raymond W. Gibbs Jr and Markus Tendahl},
year = {2006},
title = {Cognitive Effort and Effects in Metaphor Comprehension: Relevance Theory and Psycholinguistics}
}
@book{Johnson1990,
title={The Body in the Mind: The Bodily Basis of Meaning, Imagination, and Reason},
author={Johnson, Mark},
year={1990},
publisher={University of Chicago Press}
}
@book{CroftEA2004,
title = {Cognitive Linguistics},
doi = {10.1017/CBO9780511803864},
publisher = {Cambridge University Press},
author = {Croft, William and Cruse, D. Alan},
year = {2004},
collection = {Cambridge Textbooks in Linguistics},
}
@inbook{Sapir1970,
title = {The Status of Linguistics as a Science},
booktitle = {Culture, Language and Personality},
author = {Sapir, Edward},
year = {1970},
pages = {65--77},
publisher = {University of California Press}
}
@inbook{Whorf2012,
URL = {http://www.jstor.org/stable/j.ctt5hhbx2.19},
author = {Benjamin Lee Whorf},
booktitle = {Language, Thought, and Reality: Selected Writings of Benjamin Lee Whorf},
pages = {265--280},
publisher = {MIT Press},
title = {Science and Linguistics (1940)},
year = {2012}
}
@article{Church1940,
author = {Church, Alonzo},
journal = {Journal of Symbolic Logic},
number = {2},
pages = {56--68},
title = {A Formulation of the Simple Theory of Types},
url = {https://projecteuclid.org:443/euclid.jsl/1183387805},
volume = {5},
year = {1940},
}
@book{WhiteheadEA1927,
author = {Whitehead, Alfred North and Russell, Bertrand},
publisher = {Cambridge University Press},
title = {Principia Mathematica},
year = {1927}
}
@book{Fodor2001,
title={The Mind Doesn't Work that Way: The Scope and Limits of Computational Psychology},
author={Fodor, J.A.},
year={2001},
publisher={MIT Press}
}
@book{Shanahan2010,
title={Embodiment and the Inner Life: Cognition and Consciousness in the Space of Possible Minds},
author={Shanahan, Murray},
year={2010},
publisher={Oxford University Press}
}
@inproceedings{ZnidarsicEA2016,
author = {Martin Znidarsic and Am{\'{\i}}lcar Cardoso and Pablo Gerv{\'{a}}s and Pedro Martins and Raquel Herv{\'{a}}s and Ana Oliveira Alves and Hugo Gon{\c{c}}alo Oliveira and Ping Xiao and Simo Linkola and Hannu Toivonen and Janez Kranjc and Nada Lavrac},
title = {Computational Creativity Infrastructure for Online Software Composition: {A} Conceptual Blending Use Case},
booktitle = {Proceedings of the Seventh International Conference on Computational Creativity, UPMC, Paris, France, June 27 - July 1, 2016.},
pages = {371--379},
year = {2016},
url = {http://www.computationalcreativity.net/iccc2016/wp-content/uploads/2016/01/Computational-Creativity-Infrastructure-for-Online-Software-Composition.pdf},
}
@inproceedings{Veale2012b,
author = {Tony Veale},
title = {From Conceptual Mash-ups to Bad-ass Blends: {A} Robust Computational Model of Conceptual Blending},
booktitle = {Proceedings of the Third International Conference on Computational Creativity},
pages = {1--8},
year = {2012},
url = {http://computationalcreativity.net/iccc2012/wp-content/uploads/2012/05/001-Veale.pdf},
}
@article {FauconnierEA1998,
author = {Fauconnier, Gilles and Turner, Mark},
title = {Conceptual Integration Networks},
journal = {Cognitive Science},
volume = {22},
number = {2},
publisher = {Lawrence Erlbaum Associates, Inc.},
url = {http://dx.doi.org/10.1207/s15516709cog2202_1},
doi = {10.1207/s15516709cog2202_1},
pages = {133--187},
year = {1998},
}
@book{Baars1988,
title={A Cognitive Theory of Consciousness},
author={Baars, B.J.},
year={1988},
publisher={Cambridge University Press}
}
ï»¿@article{Lenat1995,
author = {Lenat, Douglas B.},
title = {CYC: A Large-scale Investment in Knowledge Infrastructure},
journal = {Communications of the ACM},
volume = {38},
number = {11},
year = {1995},
pages = {33--38},
url = {http://doi.acm.org/10.1145/219717.219745},
doi = {10.1145/219717.219745},
}
@inbook {Sowa2006
title = {Semantic Networks},
author = {Sowa, John F.},
publisher = {John Wiley & Sons, Ltd},
url = {http://dx.doi.org/10.1002/0470018860.s00065},
doi = {10.1002/0470018860.s00065},
booktitle = {Encyclopedia of Cognitive Science},
year = {2006},
}
@article {MargolisEA2007,
author = {Margolis, Eric and Laurence, Stephen},
title = {The Ontology of Concepts--Abstract Objects or Mental Representations?},
journal = {No\^{u}s},
volume = {41},
number = {4},
publisher = {Blackwell Publishing Inc},
url = {http://dx.doi.org/10.1111/j.1468-0068.2007.00663.x},
doi = {10.1111/j.1468-0068.2007.00663.x},
pages = {561--593},
year = {2007},
}
@incollection{Hutto2001,
author = {Daniel D. Hutto},
title = {Consciousness and Conceptual Schema},
booktitle = {Dimensions of Conscious Experience},
editor = {Paavo Pylkk\"{a}nen and Tere Vad\'{e}n},
publisher = {John Benjamins},
pages = {15--43},
doi = {10.1075/alcr.37.05hut},
}
@article{Levine1983,
author = {Joseph Levine},
title = {Materialism and Qualia: The Explanatory Gap},
journal = {Pacific Philosophical Quarterly},
year = {1983},
volume = {64},
pages = {354--61},
}
@article{Coeckelbergh2016,
author = {Coeckelbergh, Mark},
title = {Can Machines Create Art?},
journal = {Philosophy {\&} Technology},
year = {2016},
month = {September},
doi = {10.1007/s13347-016-0231-5},
url = {https://doi.org/10.1007/s13347-016-0231-5},
}
@book{Hoffmeyer1997,
title={Signs of Meaning in the Universe},
author={Hoffmeyer, Jesper},
year={1997},
publisher={Indiana University Press}
}
@book{kauffman1995,
author = {Kauffman, Stuart A.},
publisher = {Oxford University Press},
title = {At Home in the Universe: The Search for the Laws of Self-Organization and Complexity},
year = 1995
}
@article{VanGelder1995,
author = {Gelder, Tim Van},
journal = {The Journal of Philosophy},
number = 7,
pages = {345--381},
title = {What might cognition be, if not computation?},
volume = 92,
year = 1995
}
@incollection{Haugeland1993,
pages = {233--267},
author = {John Haugeland},
title = {Mind Embodied and Embedded},
editor = {Yu{-}Houng H. Houng and J. Ho},
publisher = {Academica Sinica},
booktitle = {Mind and Cognition: 1993 International Symposium},
year = {1993}
}
@article{Gallie1956,
author = {Walter Bryce Gallie},
title = {Essentially Contested Concepts},
journal = {Proceedings of the Aristotelian Society},
Volume = {56},
year = {1956},
pages = {167--198},
}
@book{Koch2004,
title = {The Quest for Consciousness: A Neurobiological Approach},
author = {Koch, Christof},
year = {2004},
publisher = {Roberts and Company}
}
@book{BarwiseEA1983,
address = {Cambridge, MA},
author = {Barwise, Jon and Perry, John},
publisher = {MIT Press},
title = {Situations and Attitudes},
year = 1983
}
@Article{Fredkin2003,
author = {Fredkin, Ed},
title = {The Digital Perspective},
journal = {International Journal of Theoretical Physics},
year = {2003},
volume = {42},
number = {2},
pages = {145--145},
issn = {1572-9575},
doi = {10.1023/A:1024466313532},
url = {https://doi.org/10.1023/A:1024466313532}
}
@book{Bostrom2014,
author = {Bostrom, Nick},
title = {Superintelligence: Paths, Dangers, Strategies},
year = {2014},
isbn = {0199678111, 9780199678112},
edition = {1st},
publisher = {Oxford University Press},
address = {Oxford, UK},
} 
@article{ChenEA2017,
author = {Dawn Chen and Joshua C. Peterson and Thomas L. Griffiths},
title = {Evaluating vector-space models of analogy},
journal = {CoRR},
volume = {abs/1705.04416},
year = {2017},
url = {http://arxiv.org/abs/1705.04416},
}
@book{Brentano1874,
title = {Psychology from an Empirical Standpoint},
author = {Franz Brentano},
year = {1974/1995},
note = {Translated by Antos C. Rancurello and D. B. Terrell and Linda L. McAlister},
publisher = {Routledge},
address = {London},
}
@book{Hegel1816,
author = {George Wilhelm Friedrich Hegel},
title = {Science of Logic},
year = {1816/1989},
note = {Translated by A. V. Miller},
publisher = {Humanities Press},
address = {Atlantic Highlands, NJ},
}
@book{Hume1738,
author = {David Hume},
title = {A Treatise of Human Nature},
editor = {David Fate Norton and Mary J. Norton},
publisher = {Oxford University Press},
year = {1738/2000},
}
@book{Locke1689,
author = {John Locke},
title = {An Essay Concerning Human Understanding},
editor = {Roger Stuart Woolhouse},
year = {1689/1997},
publisher = {Penguin},
address = {London},
}
@book{Husserl1900,
title={Logical Investigations, Volume 1},
author = {Edmund Husserl},
editor = {Dermot Moran},
note = {Translated by J. N. Findlay},
number={v. 1},
series={(International library of philosophy and scientific method.)},
year={1900/2001},
publisher={Routledge}
}
@InProceedings{JankowiakEA2015,
author = {K. Jankowiak and R. Naskr\k{e}cki and K. Rataj},
title = {Event-Related Potentials of Bilingual Figurative Language Processing},
booktitle = {Poster presented at the 19th Conference of the European Society for Cognitive Psychology},
year = {2015},
address = {Paphos, Cyprus},
}
@incollection{BarsalouEA1993,
author = {L.W. Barsalou and W. Yeh and B.J. Luka and K.L. Olseth and K.S. Mix and L. Wu},
booktitle = {Chicago Linguistics Society 29: Papers from the Parasession on Conceptual Representations},
editor = {K. Beals and G. Cooke and D. Kathman and K.E. McCullough and S. Kita and D. Testen},
address = {Chicago},
title = {Concepts and meaning},
publisher = {Chicago Linguistics Society},
pages = {23--61},
year = {1993},
url = {http://eprints.gla.ac.uk/112622/},
}
@article{LapataEA2003,
author = {Lapata, Maria and Lascarides, Alex},
title = {A Probabilistic Account of Logical Metonymy},
journal = {Computational Linguistics},
volume = {29},
number = {2},
year = {2003},
pages = {261--315},
url = {http://dx.doi.org/10.1162/089120103322145324},
doi = {10.1162/089120103322145324},
}
@article{JezekEA2010,
title = {What lexical sets tell us about conceptual categories},
author = {Elisabetta Jezek and Patrick Hanks},
year = {2010},
address = {Centre dâEtudes Linguistiques ({CEL}) at University Jean Moulin - Lyon 3, France},
volume = {4},
pages = {7--22},
journal = {Lexis},
}
@article{ShutovaEA2013b,
author = {Shutova, Ekaterina and Kaplan, Jakub and Teufel, Simone and Korhonen, Anna},
title = {A Computational Model of Logical Metonymy},
journal = {ACM Transactions on Speech and Language Processing},
issue_date = {July 2013},
volume = {10},
number = {3},
year = {2013},
pages = {11:1--11:28},
url = {http://doi.acm.org/10.1145/2483969.2483973},
doi = {10.1145/2483969.2483973},
}
@article {Utsumi2011,
author = {Utsumi, Akira},
title = {Computational Exploration of Metaphor Comprehension Processes Using a Semantic Space Model},
journal = {Cognitive Science},
volume = {35},
number = {2},
url = {http://dx.doi.org/10.1111/j.1551-6709.2010.01144.x},
doi = {10.1111/j.1551-6709.2010.01144.x},
pages = {251--296},
year = {2011},
}
@inproceedings{RiedlEA2013,
author = {Martin Riedl and Chris Biemann},
title = {Scaling to Large$^{3}$ Data: An Efficient and Effective Method to Compute Distributional Thesauri},
booktitle = {Proceedings of the 2013 Conference on Empirical Methods in Natural Language Processing},
pages = {884--890},
year = {2013},
url = {http://aclweb.org/anthology/D/D13/D13-1089.pdf},
}
@inproceedings{MelamudEA2014,
author = {Oren Melamud and Ido Dagan and Jacob Goldberger and Idan Szpektor and Deniz Yuret},
title = {Probabilistic Modeling of Joint-context in Distributional Similarity},
booktitle = {Proceedings of the Eighteenth Conference on Computational Natural Language Learning},
pages = {181--190},
year = {2014},
url = {http://aclweb.org/anthology/W/W14/W14-1619.pdf},
}
@inproceedings{BaroniEA2012,
author = {Marco Baroni and Raffaella Bernardi and Ngoc{-}Quynh Do and Chung{-}chieh Shan},
title = {Entailment above the word level in distributional semantics},
booktitle = {{EACL} 2012, 13th Conference of the European Chapter of the Association for Computational Linguistics},
pages = {23--32},
year = {2012},
url = {http://aclweb.org/anthology-new/E/E12/E12-1004.pdf},
}
@inproceedings{HerbelotEA2013,
author = {Aur{\'{e}}lie Herbelot and Mohan Ganesalingam},
title = {Measuring semantic content in distributional vectors},
booktitle = {Proceedings of the 51st Annual Meeting of the Association for Computational Linguistics},
pages = {440--445},
year = {2013},
url = {http://aclweb.org/anthology/P/P13/P13-2078.pdf},
}
@inbook{Gibbs1993,
place = {Cambridge},
edition = {2},
title = {Process and products in making sense of tropes},
doi = {10.1017/CBO9781139173865.014},
booktitle = {Metaphor and Thought},
publisher = {Cambridge University Press},
author = {Gibbs Jr., Raymond W.},
editor = {Ortony, Andrew},
year = {1993},
pages = {252â276},
}
@article{BouveretEA2009,
author = {Myriam Bouveret and Eve Sweetser},
title = {Multi-frame Semantics, Metaphoric Extensions and Grammar},
journal = {Annual Meeting of the Berkeley Linguistics Society},
volume = {35},
number = {1},
year = {2009},
pages = {49--59},
doi = {10.3765/bls.v35i1.3597},
url = {http://journals.linguisticsociety.org/proceedings/index.php/BLS/article/view/3597}
}
@inbook{Fraser1993,
place = {Cambridge},
edition = {2},
title = {Interpretation of novel metaphors},
booktitle = {Metaphor and Thought},
publisher = {Cambridge University Press},
author = {Bruce Fraser},
editor = {Ortony, Andrew},
year = {1993},
pages = {307--341},
}
@inproceedings{LuongEA2013,
author = {Thang Luong and Richard Socher and Christopher D. Manning},
title = {Better Word Representations with Recursive Neural Networks for Morphology},
booktitle = {Proceedings of the Seventeenth Conference on Computational Natural Language Learning, CoNLL 2013, Sofia, Bulgaria, August 8-9, 2013},
pages = {104--113},
year = {2013},
url = {http://aclweb.org/anthology/W/W13/W13-3512.pdf},
}
@inproceedings{MaEA2017,
title = "Learning word embeddings via context grouping",
author = "Yun Ma and Qing Li and Zhenguo Yang and Wenyin Liu and Chan, {Antoni B.}",
year = "2017",
booktitle = "ACM Turing 50th Celebration Conference",
}
@Article{OBrien2007,
author = "O'Brien, Robert M.",
title = "A Caution Regarding Rules of Thumb for Variance Inflation Factors",
journal = "Quality {\&} Quantity",
year= "2007",
volume= "41",
number= "5",
pages= "673--690",
doi= "10.1007/s11135-006-9018-6",
url= "http://dx.doi.org/10.1007/s11135-006-9018-6"
}
@inproceedings{KornaiEA2015,
author = {Andr{\'{a}}s Kornai and Judit {\'{A}}cs and M{\'{a}}rton Makrai and D{\'{a}}vid M{\'{a}}rk Nemeskey and Katalin Pajkossy and G{\'{a}}bor Recski},
title = {Competence in lexical semantics},
booktitle = {Proceedings of the Fourth Joint Conference on Lexical and Computational Semantics, *SEM 2015, June 4-5, 2015, Denver, Colorado, {USA.}},
pages = {165--175},
year = {2015},
url = {http://aclweb.org/anthology/S/S15/S15-1019.pdf},
}
@inproceedings{MihalceaEA2006,
author = {Mihalcea, Rada and Corley, Courtney and Strapparava, Carlo},
title = {Corpus-based and Knowledge-based Measures of Text Semantic Similarity},
booktitle = {Proceedings of the 21st National Conference on Artificial Intelligence - Volume 1},
year = {2006},
pages = {775--780},
} 
@inproceedings{HalawiEA2012,
author = {Halawi, Guy and Dror, Gideon and Gabrilovich, Evgeniy and Koren, Yehuda},
title = {Large-scale Learning of Word Relatedness with Constraints},
booktitle = {Proceedings of the 18th ACM SIGKDD International Conference on Knowledge Discovery and Data Mining},
year = {2012},
pages = {1406--1414},
numpages = {9},
url = {http://doi.acm.org/10.1145/2339530.2339751},
doi = {10.1145/2339530.2339751},
}
@inproceedings{HassanEA2011,
author = {Hassan, Samer and Mihalcea, Rada},
title = {Semantic Relatedness Using Salient Semantic Analysis},
booktitle = {Proceedings of the Twenty-Fifth AAAI Conference on Artificial Intelligence},
year = {2011},
pages = {884--889},
publisher = {AAAI Press},
} 
@article{Tversky1977,
author = {Tversky, Amos},
doi = {10.1037/0033-295X.84.4.327},
journal = {Psychological Review},
number = {4},
pages = {327--352},
title = {Features of similarity},
volume = {84},
year = {1977},
}
@inproceedings{YangEA2006,
author = {Dongqiang Yang and David M. W. Powers},
title = {Verb similarity on the taxonomy of wordnet},
booktitle = {3rd International WordNet Conference},
year = {2006},
pages = {121--128},
}
@inproceedings{BruniEA2012,
author = {Bruni, Elia and Boleda, Gemma and Baroni, Marco and Tran, Nam-Khanh},
title = {Distributional Semantics in Technicolor},
booktitle = {Proceedings of the 50th Annual Meeting of the Association for Computational Linguistics: Long Papers - Volume 1},
year = {2012},
pages = {136--145},
url = {http://dl.acm.org/citation.cfm?id=2390524.2390544},
}
@article{MillerEA1991,
author = {Miller, George A and Charles, Walter G},
journal = {Language \& Cognitive Processes},
number = {1},
pages = {1--28},
title = {Contextual correlates of semantic similarity},
url = {http://eric.ed.gov/ERICWebPortal/recordDetail?accno=EJ431389},
volume = {6},
year = {1991},
}
@article{RubensteinEA1965,
author = {Rubenstein, Herbert and Goodenough, John B.},
title = {Contextual Correlates of Synonymy},
journal = {Communincations of the ACM},
volume = {8},
number = {10},
year = {1965},
pages = {627--633},
url = {http://doi.acm.org/10.1145/365628.365657},
doi = {10.1145/365628.365657},
}
@InProceedings{SocherEA2013b,
author = {Socher, Richard  and  Perelygin, Alex  and  Wu, Jean  and  Chuang, Jason  and  Manning, Christopher D.  and  Ng, Andrew  and  Potts, Christopher},
title = {Recursive Deep Models for Semantic Compositionality Over a Sentiment Treebank},
booktitle = {Proceedings of the 2013 Conference on Empirical Methods in Natural Language Processing},
month = {October},
year = {2013},
pages = {1631--1642},
url = {http://www.aclweb.org/anthology/D13-1170}
}
@book{JurafskyEA2000,
author = {Jurafsky, Daniel and Martin, James H.},
title = {Speech and Language Processing: An Introduction to Natural Language Processing, Computational Linguistics, and Speech Recognition},
year = {2000},
edition = {1st},
publisher = {Prentice Hall PTR},
address = {Upper Saddle River, NJ, USA},
}
@book{Austin1962,
author = {Austin, John Langshaw},
publisher = {Oxford University Press},
series = {William James Lectures},
title = {How to do things with words},
year = {1962}
}
@book{Pustejovsky1995,
author = {James Pustejovsky},
title = {The Generative Lexicon},
year = {1995},
publisher = {MIT Press},
address = {Cambridge, MA},
}
@incollection{Barsalou1992,
author = {Lawrence W. Barsalou},
booktitle = {Frames, Fields, and Contrasts: New Essays in Semantic and Lexical Organization},
editor = {Adrienne Lehrer and Eva Feder Kittay},
address = {Hillsdale, N.J.},
title = {Frames, concepts, and conceptual fields},
publisher = {Lawrence Erlbaum Associates},
pages = {21--74},
year = {1992},
url = {http://eprints.gla.ac.uk/112275/},
}
@Book{Fellbaum1998,
title = {WordNet: An Electronic Lexical Database},
author = {Christiane Fellbaum},
year = {1998},
publisher = {Bradford Books},
}
@inproceedings{VanDerVeldeEA2015,
author = {Frank van der {Velde} and Roger A. {Wolf} and Martin {Schmettow} and Deniece S. {Nazareth}},
booktitle = {Proceedings of the Sixth International Conference on Computational Creativity (ICCC 2015)},
title = {A Semantic Map for Evaluating Creativity},
pages = {94--101},
year = {2015},
}
@article{Kaplan1979,
author = {David Kaplan},
title = {On the logic of demonstratives},
journal = {Journal of Philosophical Logic},
volume = {8},
number = {1},
pages = {81--98},
year = {1979},
url = {https://doi.org/10.1007/BF00258420},
doi = {10.1007/BF00258420},
}
@book{Carnap1947,
author = {Carnap, Rudolf},
publisher = {University of Chicago Press},
title = {Meaning and Necessity: A Study in Semantics and Modal Logic},
year = {1947},
}
@INPROCEEDINGS{KotturEA2016,
author={Satwik Kottur and Ramakrishna Vedantam and Jos\'{e} M. F. Moura and Devi Parikh},
booktitle={2016 IEEE Conference on Computer Vision and Pattern Recognition (CVPR)},
title={VisualWord2Vec (Vis-W2V): Learning Visually Grounded Word Embeddings Using Abstract Scenes},
year={2016},
pages={4985-4994},
doi={10.1109/CVPR.2016.539},
}
@inproceedings{KielaEA2015,
author = {Douwe Kiela and Felix Hill and Stephen Clark},
title = {Specializing Word Embeddings for Similarity or Relatedness},
booktitle = {Proceedings of the 2015 Conference on Empirical Methods in Natural Language Processing},
pages = {2044--2048},
year = {2015},
url = {http://aclweb.org/anthology/D/D15/D15-1242.pdf},
}
@article{AbdiEA2010,
author = {Abdi, Herv\'{e} and Williams, Lynne J.},
doi = {10.1002/wics.101},
journal = {Wiley Interdisciplinary Reviews: Computational Statistics},
number = {4},
pages = {433--459},
title = {Principal component analysis},
url = {http://dx.doi.org/10.1002/wics.101},
volume = {2},
year = {2010},
}
@Article{AckleyEA1985,
author = {David H. Ackley and Geoffrey E. Hinton and Terrence J. Sejnowski},
title = {A Learning Algorithm for {B}oltzmann Machines},
journal = {Cognitive Science},
year = {1985},
volume = {9},
number = {1},
pages = {147-169},
}
@inproceedings{AgirreEA2009,
author = {Agirre, Eneko and Alfonseca, Enrique and Hall, Keith and Kravalova, Jana and Pa\c{s}ca, Marius and Soroa, Aitor},
title = {A Study on Similarity and Relatedness Using Distributional and WordNet-based Approaches},
booktitle = {Proceedings of Human Language Technologies: The 2009 Annual Conference of the North American Chapter of the Association for Computational Linguistics},
year = {2009},
isbn = {978-1-932432-41-1},
pages = {19--27},
url = {http://dl.acm.org/citation.cfm?id=1620754.1620758},
} 
@InProceedings{AgirrezabalEA2013,
author = {Manex Agirrezabal and Bertol Arrieta and Aitzol Astigarraga and Mans Hulden},
title = {ZeuScansion: a tool for scansion of English poetry},
booktitle = {Proceedings of the 11th International Conference on Finite State Methods and Natural Language Processing
},
pages = {18-24},
year = {2013},
}
@InProceedings{AgresEA2015,
author = {Kat Agres and Stephen McGregor and Matthew Purver and Geraint Wiggins},
title = {Conceptualising Creativity: From Distributional Semantics to Conceptual Spaces},
booktitle = {Proceedings of the 6th International Conference on Computational Creativity},
OPTcrossref = {â¢},
OPTkey = {â¢},
OPTpages = {118-125},
year = {2015},
OPTeditor = {â¢},
OPTvolume = {â¢},
OPTnumber = {â¢},
OPTseries = {â¢},
address = {Park City, UT},
OPTmonth = {â¢},
OPTorganization = {â¢},
OPTpublisher = {â¢},
OPTnote = {â¢},
OPTannote = {â¢}
}
@InProceedings {AgresEA2016,
title = {Modeling metaphor perception with distributional semantics vector space models},
booktitle = {Workshop on Computational Creativity, Concept Invention, and General Intelligence},
year = {2016},
month = {08/2016},
keywords = {computational creativity, distributional semantics, metaphor, vector space models},
author = {Kat R. Agres and Stephen McGregor and Karolina Rataj and Matthew Purver and Geraint A. Wiggins}
}
@InCollection{al-Rifaie2015,
author = {Mohammad Majid al-Rifaie and Mark Bishop},
title = {Weak and Strong Computational Creativity},
booktitle = {Computational Creativity Research: Towards Creative Machines},
OPTcrossref = {â¢},
OPTkey = {â¢},
pages = {37-49},
publisher = {Springer},
year = {2015},
editor = {Tarek Richard Besold and Marco Schorlemmer and Alan Smaill},
OPTvolume = {â¢},
OPTnumber = {â¢},
OPTseries = {â¢},
OPTtype = {â¢},
OPTchapter = {â¢},
OPTaddress = {â¢},
OPTedition = {â¢},
OPTmonth = {â¢},
OPTnote = {â¢},
OPTannote = {â¢}
}
@Book{AlexanderEA2012,
author = {Igor Alexander and Helen Morton},
ALTeditor = {â¢},
title = {Aristotle's Laptop: The Discovery of our Informational Mind},
publisher = {World Scientific},
year = {2012},
OPTkey = {â¢},
OPTvolume = {â¢},
OPTnumber = {â¢},
OPTseries = {â¢},
OPTaddress = {â¢},
OPTedition = {â¢},
OPTmonth = {â¢},
OPTnote = {â¢},
OPTannote = {â¢}
}
@Article{AllottEA2012,
author = {Nicholas Allott and Mark Textor},
title = {Lexical Pragmatic Adjustment and the Nature of Ad Hoc Concepts},
journal = {International Review of Pragmatics},
year = {2012},
OPTkey = {â¢},
volume = {4},
OPTnumber = {â¢},
pages = {185-208},
OPTmonth = {â¢},
OPTnote = {â¢},
OPTannote = {â¢}
}
@Book{Aristotle1895,
author = {Aristotle},
title = {The Poetics},
publisher = {Macmillan and Co},
year = {1895},
address = {London},
annote = {Translated by S. H. Butcher}
}
@Article{Band1999,
author = {Jonathan Band},
title = {Armageddon on the Potomac: The Collections of Information Antipiracy Act},
journal = {D-Lib Magazine},
year = {1999},
volume = {5},
number = {1},
}
@inproceedings{BanjadeEA2015,
author = {Rajendra Banjade and Nabin Maharjan and Nobal B. Niraula and Vasile Rus and Dipesh Gautam},
title = {Lemon and Tea Are Not Similar: Measuring Word-to-Word Similarity by Combining Different Methods},
booktitle = {Computational Linguistics and Intelligent Text Processing - 16th International Conference},
pages = {335--346},
year = {2015},
url = {https://doi.org/10.1007/978-3-319-18111-0\_25},
doi = {10.1007/978-3-319-18111-0\_25},
}
@inproceedings{BaroniEA2010,
author = {Baroni, Marco and Zamparelli, Roberto},
title = {Nouns Are Vectors, Adjectives Are Matrices: Representing Adjective-noun Constructions in Semantic Space},
booktitle = {Proceedings of the 2010 Conference on Empirical Methods in Natural Language Processing},
year = {2010},
pages = {1183--1193},
url = {http://dl.acm.org/citation.cfm?id=1870658.1870773},
}
@Article{BaroniEA2010b,
author = {Marco Baroni and Alessandro Lenci},
title = {Distributional Memory: A General Framework for Distributional Semantics},
journal = {Computational Linguistics},
year = {2010},
OPTkey = {â¢},
volume = {36},
number = {4},
OPTpages = {673-721},
OPTmonth = {â¢},
OPTnote = {â¢},
OPTannote = {â¢}
}
@InProceedings{BaroniEA2014,
author = {Marco Baroni and Georgiana Dinu and Germ\'{a}n Kruszewski},
title = {Don't Count, Predict!},
booktitle = {ACL 2014},
OPTcrossref = {â¢},
OPTkey = {â¢},
OPTpages = {â¢},
year = {2014},
OPTeditor = {â¢},
OPTvolume = {â¢},
OPTnumber = {â¢},
OPTseries = {â¢},
OPTaddress = {â¢},
OPTmonth = {â¢},
OPTorganization = {â¢},
OPTpublisher = {â¢},
OPTnote = {â¢},
OPTannote = {â¢}
}
@article{BaroniEA2014b,
author = {Baroni, Marco and Bernardi, Raffaella and Zamparelli, Roberto},
editor = {Condoravdi, Cleo and de Paiva, Valeria and Zaenen, Annie},
journal = {Linguistic Issues in Language Technology},
pages = {241--346},
title = {Frege in space: A program for compositional distributional semantics},
volume = {9},
year = {2014}
}
@incollection{Barsalou1993,
author = {Lawrence W. Barsalou},
booktitle = {Theories of memory},
editor = {A.C. Collins and S.E. Gathercole and M.A. Conway},
address = {London},
title = {Flexibility, structure, and linguistic vagary in concepts: manifestations of a compositional system of perceptual symbols},
publisher = {Lawrence Erlbaum Associates},
pages = {29--101},
year = {1993},
}
@Article{Barsalou2008,
author = {Lawrence W. Barsalou},
title = {Grounded Cognition},
journal = {Annual Review of Psychology},
year = {2008},
volume = {59},
pages = {617-645},
}
@Article{BartlettEA2009,
author = {Susan Bartlett and Grzegorz Kondrak and Colin Cherry},
title = {On the Syllabification of Phonemes},
journal = {Proceedings of Human Language Technologies: The Annual Conference of the North American Chapter of the Association for Computational Linguistics},
year = {2009},
pages = {308-316},
}
@book{Bateson1972,
author = {Gregory Bateson},
title = {Steps to an Ecology of Mind: Collected Essays in Anthropology, Psychiatry, Evolution, and Epistemology},
year = {1972},
publisher = {Jason Aronson Inc.},
address = {London},
}
@Article{Bengio2009,
author = {Yoshue Bengio},
title = {Learning Deep Architecture for {AI}},
journal = {Machine Learning},
year = {2009},
volume = {2},
number = {1},
pages = {1-127},
}
@Article{BengioEA2003,
author = {Yoshua Bengio and RÃ©jean Ducharme and Pascal Vincent and Christian Jauvin},
title = {A Neural Probabilistic Language Model},
journal = {Journal of Machine Learning Research},
year = {2003},
OPTkey = {â¢},
volume = {3},
OPTnumber = {â¢},
pages = {1137-1155},
OPTmonth = {â¢},
OPTnote = {â¢},
OPTannote = {â¢}
}
@InCollection{BergenEA2013,
author = {Benjamin Bergen and Nancy Chang},
title = {Embodied Construction Grammar},
booktitle = {Oxford Handbook of Construction Grammar},
OPTcrossref = {â¢},
OPTkey = {â¢},
OPTpages = {â¢},
publisher = {Oxford University Press},
year = {2013},
editor = {Thomas Hoffmann and Graeme Trousdale},
OPTvolume = {â¢},
OPTnumber = {â¢},
OPTseries = {â¢},
OPTtype = {â¢},
OPTchapter = {â¢},
OPTaddress = {â¢},
OPTedition = {â¢},
OPTmonth = {â¢},
OPTnote = {â¢},
OPTannote = {â¢}
}
@Article{Bergmann1982,
author = {Merrie Bergmann},
title = {Metaphorical Assertions},
journal = {The Philosophical Review},
year = {1982},
OPTkey = {â¢},
volume = {91},
OPTnumber = {2},
pages = {229-245},
OPTmonth = {â¢},
OPTnote = {â¢},
OPTannote = {â¢}
}
@Article{Berlyne1970,
author = {Daniel E. Berlyne},
title = {Novelty, Complexity, and Hedonic Value},
journal = {Perception & Psychophysics},
year = {1970},
OPTkey = {â¢},
volume = {8},
number = {5A},
pages = {279-186},
OPTmonth = {â¢},
OPTnote = {â¢},
OPTannote = {â¢}
}
@InCollection{Bickhard2004,
author = {Mark H. Bickhard},
title = {The Dynamic Emergence of Representation},
booktitle = {Representation in Mind: New Approaches to Mental Representation },
OPTcrossref = {â¢},
OPTkey = {â¢},
OPTpages = {â¢},
publisher = {Elsevier},
year = {2004},
editor = {Hugh Clapin and Phillip Staines and Peter Slezak},
OPTvolume = {â¢},
OPTnumber = {â¢},
OPTseries = {â¢},
OPTtype = {â¢},
OPTchapter = {â¢},
OPTaddress = {â¢},
OPTedition = {â¢},
OPTmonth = {â¢},
OPTnote = {â¢},
OPTannote = {â¢}
}
@inproceedings{BirkeEA2006,
author = {Julia Birke and Anoop Sarkar},
title = {A clustering approach for nearly unsupervised recognition of nonliteral language},
booktitle = {Proceedings of EACL-06},
year = {2006},
pages = {329--336}
}
@article{Birkhoff1958,
author = "Birkhoff, Garrett",
journal = "Bulletin of the American Mathematical Society",
month = "05",
pages = "50--56",
publisher = "American Mathematical Society",
title = "Von Neumann and lattice theory",
url = "http://projecteuclid.org/euclid.bams/1183522370",
volume = "64",
year = "1958"
}
@InProceedings{Black1955,
author = {Max Black},
title = {Metaphor},
booktitle = {Proceedings of the Aristotelian Society},
OPTcrossref = {â¢},
OPTkey = {â¢},
pages = {273-294},
year = {1955},
OPTeditor = {â¢},
volume = {55},
OPTnumber = {â¢},
OPTseries = {â¢},
OPTaddress = {â¢},
OPTmonth = {â¢},
OPTorganization = {â¢},
OPTpublisher = {â¢},
OPTnote = {â¢},
OPTannote = {â¢}
}
@InCollection{Black1977,
author = {Max Black},
title = {More about Metaphor},
booktitle = {Metaphor and Thought},
pages = {19-41},
publisher = {Cambridge University Press},
year = {1977},
editor = {Andrew Ortony},
edition = {2nd},
}
@Article{Black1979,
author = {Max Black},
title = {How Metaphors Work: A Reply to Donald Davidson},
journal = {Critical Inquiry},
year = {1979},
OPTkey = {â¢},
volume = {6},
number = {1},
pages = {131-143},
OPTmonth = {â¢},
OPTnote = {â¢},
OPTannote = {â¢}
}
@InProceedings{BlacoeEA2012,
author = {William Blacoe and Mirella Lapata},
title = {A Comparison of Vector-Based Representations for Semantic Composition},
booktitle = {Proceedings of the 2012 Joint Conference on Empirical Methods in Natural Language Processing and Computational Natural Language Learning},
OPTcrossref = {â¢},
OPTkey = {â¢},
pages = {546-556},
year = {2012},
OPTeditor = {â¢},
OPTvolume = {â¢},
OPTnumber = {â¢},
OPTseries = {â¢},
OPTaddress = {â¢},
OPTmonth = {â¢},
OPTorganization = {â¢},
OPTpublisher = {â¢},
OPTnote = {â¢},
OPTannote = {â¢}
}
@Article{Blei2012,
author = {David Blei},
title = {Probabilistic Topic Models},
journal = {Communications of the ACM},
year = {2012},
OPTkey = {â¢},
volume = {55},
number = {4},
pages = {77-84},
OPTmonth = {â¢},
OPTnote = {â¢},
OPTannote = {â¢}
}
@Article{BleiEA2003,
author = {David M. Blei and Andrew Y. Ng and Michael I. Jordan},
title = {Latent {D}irichlet Allocation},
journal = {Journal of Machine Learning Research},
year = {2003},
OPTkey = {â¢},
volume = {3},
OPTnumber = {â¢},
pages = {993-1022},
OPTmonth = {â¢},
OPTnote = {â¢},
OPTannote = {â¢}
}
@Article{Block1990,
author = {Ned Block},
title = {Inverted Earth},
journal = {Philosophical Perspectives},
year = {1990},
OPTkey = {â¢},
volume = {4},
OPTnumber = {â¢},
pages = {53-79},
OPTmonth = {â¢},
OPTnote = {â¢},
OPTannote = {â¢}
}
@Book{Boden1990,
author = {Margaret A. Boden},
title = {The Creative Mind: Myths and Mechanisms},
publisher = {Weidenfeld and Nicolson},
year = {1990},
address = {London},
}
@Book{Boden2004,
author = {Margaret A. Boden},
title = {The Creative Mind: Myths and Mechanisms},
publisher = {Routledge},
year = {2004},
address = {London},
edition = {2nd},
}
@Book{Boden2006,
author = {Margaret A. Boden},
title = {Mind as Machine: A History of Cognitive Science},
publisher = {Clarendon},
year = {2006},
address = {Oxford},
}
@InCollection{Boden2009,
author = {Margaret A. Boden},
title = {Conceptual Spaces},
booktitle = {Milieus of Creativity: An Interdisciplinary Approach to Spatiality of Creativity},
OPTcrossref = {â¢},
OPTkey = {â¢},
pages = {235-243},
OPTpublisher = {â¢},
year = {2009},
editor = {Peter Meusburger, Edgar Wunder and Joachim Funke},
OPTvolume = {â¢},
OPTnumber = {â¢},
OPTseries = {â¢},
OPTtype = {â¢},
OPTchapter = {â¢},
OPTaddress = {â¢},
OPTedition = {â¢},
OPTmonth = {â¢},
OPTnote = {â¢},
OPTannote = {â¢}
}
@InProceedings{Boden2014,
author = {Margaret A. Boden},
title = {Skills and the Appreciation of Computer Art},
booktitle = {Proceedings of AISB14CC},
year = {2014},
}
@InProceedings{BoltEA2016,
author = {Joe Bolt and Bob Coecke and Fabrizio Genovese and Martha Lewis and Dan Marsden and Robin Piedeleu},
title = {Interacting Conceptual Spaces},
booktitle = {Workshop on Semantic Spaces at the Intersection of
NLP, Physics and Cognitive Science},
year = {2016},
}
@incollection{BordesEA2013,
title = {Translating Embeddings for Modeling Multi-relational Data},
author = {Bordes, Antoine and Usunier, Nicolas and Garcia-Duran, Alberto and Weston, Jason and Yakhnenko, Oksana},
booktitle = {Advances in Neural Information Processing Systems 26},
editor = {C. J. C. Burges and L. Bottou and M. Welling and Z. Ghahramani and K. Q. Weinberger},
pages = {2787--2795},
year = {2013},
publisher = {Curran Associates, Inc.},
url = {http://papers.nips.cc/paper/5071-translating-embeddings-for-modeling-multi-relational-data.pdf}
}
@Article{Bracker1958,
author = {Milton Bracker},
title = {The `Quietly Overwhelming' Robert Frost},
journal = {The New York Times},
year = {1958},
note = {Novermber 30, 1958},
}
@Book{Brandom1994,
author = {Robert B. Brandom},
title = {Making It Explicit: Reasoning, Representing, and Discursive Commitment},
publisher = {Harvard University Press},
year = {1994},
address = {Cambridge, MA},
}
@ARTICLE{BrentEA1996,
author = {Michael R. Brent and Timothy A. Cartwright},
title = {Distributional Regularity and Phonotactic Constraints are Useful for Segmentation},
journal = {Cognition},
year = {1996},
volume = {61},
pages = {93--125}
}
@Book{Bruner1990,
author = {Jerome S. Bruner},
ALTeditor = {â¢},
title = {Acts of Meaning},
publisher = {Harvard University Press},
year = {1990},
OPTkey = {â¢},
OPTvolume = {â¢},
OPTnumber = {â¢},
OPTseries = {â¢},
address = {Cambridge, MA},
OPTedition = {â¢},
OPTmonth = {â¢},
OPTnote = {â¢},
OPTannote = {â¢}
}
@article{BruniEA2014,
 author = {Bruni, Elia and Tran, Nam Khanh and Baroni, Marco},
 title = {Multimodal Distributional Semantics},
journal = {Journal of Artificial Intelligence Research},
volume = {49},
number = {1},
year = {2014},
pages = {1--47},
numpages = {47},
url = {http://dl.acm.org/citation.cfm?id=2655713.2655714},
}
@inproceedings{BudanitskyEA2001,
author = {Budanitsky, Alexander and Hirst, Graeme},
booktitle = {Workshop on WordNet and Other Lexical Resources at the Second Meeting of the North American Chapter of the Association for Computational Linguistics},
pages = {29--34},
title = {Semantic Distance in {W}ord{N}et: An Experimental, Application-Oriented Evaluation of Five Measures},
url = {ftp://ftp.cs.toronto.edu/pub/gh/Budanitsky+Hirst-2001.pdf},
year = 2001
}
@Article{BullinariaEA2012,
author="Bullinaria, John A. and Levy, Joseph P.",
title="Extracting semantic representations from word co-occurrence statistics: stop-lists, stemming, and SVD",
journal="Behavior Research Methods",
year="2012",
volume="44",
number="3",
pages="890--907",
doi="10.3758/s13428-011-0183-8",
url="http://dx.doi.org/10.3758/s13428-011-0183-8"
}
@article{BurgessEA1997,
author = {Curt Burgess and Kevin Lund},
title = {Modelling Parsing Constraints with High-dimensional Context Space},
journal = {Language and Cognitive processes},
year = {1997},
volume = {12},
number = {2/3},
pages = {177--210},
}
@Book{Calvino1983,
author = {Italo Calvino},
ALTeditor = {â¢},
title = {Mr. Palomar},
publisher = {Harcourt Brace Jovanovich},
year = {1983/1985},
OPTkey = {â¢},
OPTvolume = {â¢},
OPTnumber = {â¢},
OPTseries = {â¢},
address = {New York},
OPTedition = {â¢},
OPTmonth = {â¢},
note = {Translated by William Weaver},
OPTannote = {â¢}
}
@TechReport{CarnapEA1952,
author = {Rudolph Carnap and Yehoshua Bar-Hillel},
title = {An Outline of a Theory of Semantic Information},
institution = {Research Laboratory of Electronics, MIT},
year = {1952},
OPTkey = {â¢},
OPTtype = {â¢},
number = {247},
OPTaddress = {â¢},
OPTmonth = {â¢},
OPTnote = {â¢},
OPTannote = {â¢}
}
@Book{Carruthers2011,
author = {Peter Carruthers},
ALTeditor = {â¢},
title = {The Opacity of Mind: An Integrative Theory of Self-Knowledge},
publisher = {Oxford University Press},
year = {2011},
OPTkey = {â¢},
OPTvolume = {â¢},
OPTnumber = {â¢},
OPTseries = {â¢},
OPTaddress = {â¢},
OPTedition = {â¢},
OPTmonth = {â¢},
OPTnote = {â¢},
OPTannote = {â¢}
}
@InProceedings{Carston2010,
author = {Robyn Carston},
title = {Metaphor: Ad Hoc Concepts, Literal Meaning and Mental Images},
booktitle = {Proceedings of the Aristotelian Society},
pages = {297-323},
year = {2010},
volume = {110},
number = {3},
}
@InCollection{Carston2012,
author = {Robyn Carston},
title = {Metaphor and the Literal/Nonliteral Distinction},
booktitle = {The Cambridge Handbook of Pragmatics},
OPTcrossref = {â¢},
OPTkey = {â¢},
pages = {469--492},
publisher = {Cambridge University Press},
year = {2012},
editor = {K. Allan and K. M. Jaszczolt},
OPTvolume = {â¢},
OPTnumber = {â¢},
OPTseries = {â¢},
OPTtype = {â¢},
OPTchapter = {â¢},
OPTaddress = {â¢},
OPTedition = {â¢},
OPTmonth = {â¢},
OPTnote = {â¢},
OPTannote = {â¢}
}
@incollection{Casasanto2015,
author = {Daniel Casasanto and Gary Lupyan},
title = {All Concepts Are Ad Hoc Concepts},
booktitle = {The Conceptual Mind: New Directions in the Study of Concepts},
year = {2015},
editor = {Eric Margolis and Stephen Laurence},
publisher = {MIT Press},
address = {Cambridge, MA},
}
@InCollection{Chalmers1995,
author = {David Chalmers},
title = {Absent Qualia, Fading Qualia, Dancing Qualia},
booktitle = {Conscious Experience},
OPTcrossref = {â¢},
OPTkey = {â¢},
OPTpages = {â¢},
publisher = {Imprint Academic},
year = {1995},
editor = {Thomas Metzinger},
OPTvolume = {â¢},
OPTnumber = {â¢},
OPTseries = {â¢},
OPTtype = {â¢},
OPTchapter = {â¢},
address = {Exeter},
OPTedition = {â¢},
OPTmonth = {â¢},
OPTnote = {â¢},
OPTannote = {â¢}
}
@Book{Chalmers1996,
author = {David J. Chalmers},
title = {The Conscious Mind},
publisher = {Oxford University Press},
year = {1996},
}
@InProceedings{Charniak1996,
author = {Eugene Charniak},
title = {Tree-bank Grammars},
booktitle = {AAAI-96 Proceedings},
pages = {1031-1036},
year = {1996},
}
@Book{Chemero2009,
author = {Anthony Chemero},
title = {Radical Embodied Cognitive Science},
publisher = {The MIT Press},
year = {2009},
address = {Cambridge, MA},
}
@Article{Chomsky1959,
author = {Noam Chomsky},
title = {A Review of B. F. Skinner's Verbal Behavior},
journal = {Language},
year = {1959},
OPTkey = {â¢},
volume = {35},
number = {1},
pages = {26-58},
OPTmonth = {â¢},
OPTnote = {â¢},
OPTannote = {â¢}
}
@Book{Chomsky1986,
author = {Noam Chomsky},
ALTeditor = {â¢},
title = {Knowledge of Language: Its Nature, Origins, and Use},
publisher = {Praeger},
year = {1986},
OPTkey = {â¢},
OPTvolume = {â¢},
OPTnumber = {â¢},
OPTseries = {â¢},
address = {New York, NY},
OPTedition = {â¢},
OPTmonth = {â¢},
OPTnote = {â¢},
OPTannote = {â¢}
}
@Book{ChomskyEA1968,
author = {Noam Chomsky and Morris Halle},
title = {The Sound Pattern of English},
publisher = {Harper and Row},
year = {1968},
address = {New York},
}
@InProceedings{CimianoEA2003,
author = {Philipp Cimiano and Steffen Staab and Julien Tane},
title = {Automatic Acquisition of Taxonomies from Text: FCA meets NLP},
booktitle = {Proceedings of the ECML/PKDD Workshop on Adaptive Text Extraction and Mining},
OPTcrossref = {â¢},
OPTkey = {â¢},
pages = {10-17},
year = {2003},
OPTeditor = {â¢},
OPTvolume = {â¢},
OPTnumber = {â¢},
OPTseries = {â¢},
OPTaddress = {â¢},
OPTmonth = {â¢},
OPTorganization = {â¢},
OPTpublisher = {â¢},
OPTnote = {â¢},
OPTannote = {â¢}
}
@Book{Clark1997,
author = {Andy Clark},
ALTeditor = {â¢},
title = {Being There: Putting Brain, Body, and World Together Again},
publisher = {MIT Press},
year = {1997},
OPTkey = {â¢},
OPTvolume = {â¢},
OPTnumber = {â¢},
OPTseries = {â¢},
address = {Cambridge, MA},
OPTedition = {â¢},
OPTmonth = {â¢},
OPTnote = {â¢},
OPTannote = {â¢}
}
@Article{Clark2006,
author = {Andy Clark},
title = {Language, Embodiment, and the Cognitive Niche},
journal = {Trends in Cognitive Sciences},
year = {2006},
OPTkey = {â¢},
volume = {10},
number = {8},
pages = {370--374},
OPTmonth = {â¢},
OPTnote = {â¢},
OPTannote = {â¢}
}
@Article{Clark2008,
author = {Andy Clark},
title = {Pressing the Flesh: A Tension in the Study of the Embedded, Embodied Mind?},
journal = {Philosophy and Phenomenological Research},
year = {2008},
OPTkey = {â¢},
volume = {76},
number = {1},
pages = {37-59},
OPTmonth = {â¢},
OPTnote = {â¢},
OPTannote = {â¢}
}
@InCollection{Clark2015,
author = {Stephen Clark},
title = {Vector Space Models of Lexical Meaning},
booktitle = {The Handbook of Contemporary Semantic Theory},
year = {2015},
editor = {Shalom Lappin and Chris Fox},
publisher = {Wiley-Blackwell},
doi = {10.1002/9781118882139.ch16},
pages = {493--522},
}
@InCollection{Clarke1953,
author = {Arthur C. Clarke},
title = {The Nine Billion Names of God},
booktitle = {Star Science Fiction Stories},
publisher = {Ballantine},
year = {1953},
}
@Article{ClarkEA1998,
author = {Andy Clark and David J. Chalmers},
title = {The Extended Mind},
journal = {Analysis},
year = {1998},
OPTkey = {â¢},
volume = {58},
number = {1},
pages = {7-19},
OPTmonth = {â¢},
OPTnote = {â¢},
OPTannote = {â¢}
}
@article{CoeckeEA2011,
title = "Mathematical Foundations for a Compositional Distributed Model of Meaning",
author = "Bob Coecke and Mehrnoosh Sadrzadeh and Stephen Clark",
year = "2011",
editor = "van Bentham and Moortgat",
journal = "Linguistic Analysis",
number = "1-4",
pages = "345--384",
volume = "36",
}
@inproceedings{CollobertEA2008,
author = {Collobert, Ronan and Weston, Jason},
title = {A Unified Architecture for Natural Language Processing: Deep Neural Networks with Multitask Learning},
booktitle = {Proceedings of the 25th International Conference on Machine Learning},
year = {2008},
pages = {160--167},
url = {http://doi.acm.org/10.1145/1390156.1390177},
doi = {10.1145/1390156.1390177},
} 
@InProceedings{Colton2008,
author = {Simon Colton},
title = {Creativity versus the perception of creativity in computational systems},
booktitle = {Proceedings of the AAAI Spring Symposium on Creative Intelligent Systems},
year = {2008},
}
@InProceedings{ColtonEA2011,
author = {Simon Colton and John Charnley and Alison Pease},
title = {Computational Creativity Theory: The {FACE} and {IDEA} models},
booktitle = {Proceedings of the International Conference on Computational Creativity},
OPTcrossref = {â¢},
OPTkey = {â¢},
OPTpages = {â¢},
year = {2011},
OPTeditor = {â¢},
OPTvolume = {â¢},
OPTnumber = {â¢},
OPTseries = {â¢},
OPTaddress = {â¢},
OPTmonth = {â¢},
OPTorganization = {â¢},
OPTpublisher = {â¢},
OPTnote = {â¢},
OPTannote = {â¢}
}
@Article{ColtonEA2012,
author = "Simon Colton and Jacob Goodwin and Tony Veale",
title = "Full-{FACE} Poetry Generation",
journal = "Proceedings of the Third International Conference on Computational Creativity",
year = 2012,
pages = "95-102",
}
@InProceedings{ColtonEA2012B,
author = {Simon Colton and Geraint Wiggins},
title = {Computational Creativity: The Final Frontier?},
booktitle = {Proceedings of the 21st European Conference on Artificial Intelligence},
year = {2012},
}
@InProceedings{ColtonEA2012C,
author = {Simon Colton and Blanca P\'{e}rez Ferrer},
title = {No Photos Harmed / Growing Paths from Seed -- An Exhibition},
booktitle = {Proceedings of the Non-Photorealistic Animation and Rendering Symposium},
OPTcrossref = {â¢},
OPTkey = {â¢},
OPTpages = {â¢},
year = {2012},
OPTeditor = {â¢},
OPTvolume = {â¢},
OPTnumber = {â¢},
OPTseries = {â¢},
OPTaddress = {â¢},
OPTmonth = {â¢},
OPTorganization = {â¢},
OPTpublisher = {â¢},
OPTnote = {â¢},
OPTannote = {â¢}
}
@InProceedings{ColtonEA2014,
author = {Simon Colton and Michael Cook and Rose Hepworth and Alison Pease},
title = {On Acid Drops and Teardrops: Observer Issues in Computational Creativity},
booktitle = {Proceedings of the 50th Anniversary Convention of the AISB},
OPTcrossref = {â¢},
OPTkey = {â¢},
OPTpages = {â¢},
year = {2014},
editor = {Rodger Kibble},
OPTvolume = {â¢},
OPTnumber = {â¢},
OPTseries = {â¢},
OPTaddress = {â¢},
OPTmonth = {â¢},
OPTorganization = {â¢},
OPTpublisher = {â¢},
OPTnote = {â¢},
OPTannote = {â¢}
}
@InProceedings{Cooper2009,
author = {Barry Cooper},
title = {From Descartes to Turing: The Computational Content of Supervenience},
booktitle = {Joint Mathematics-Philosophy Workshop},
OPTcrossref = {â¢},
OPTkey = {â¢},
OPTpages = {â¢},
year = {2009},
OPTeditor = {â¢},
OPTvolume = {â¢},
OPTnumber = {â¢},
OPTseries = {â¢},
OPTaddress = {â¢},
OPTmonth = {â¢},
organization = {University of Leeds},
OPTpublisher = {â¢},
OPTnote = {â¢},
OPTannote = {â¢}
}
@InCollection{Cooper2012,
author = {Robin Cooper},
title = {Type Theory and Semantics in Flux},
booktitle = {Philosophy of Linguistics},
OPTcrossref = {â¢},
OPTkey = {â¢},
OPTpages = {â¢},
publisher = {Elsevier},
year = {2012},
editor = {Ruth Kempson and Tim Fernando and Nicholas Asher},
OPTvolume = {â¢},
OPTnumber = {â¢},
OPTseries = {â¢},
OPTtype = {â¢},
OPTchapter = {â¢},
OPTaddress = {â¢},
OPTedition = {â¢},
OPTmonth = {â¢},
OPTnote = {â¢},
OPTannote = {â¢}
}
@Book{CoverEA1991,
author = {Thomas M. Cover and Joy A. Thomas},
title = {Elements of Information Theory},
publisher = {Wiley},
year = {1991},
address = {New York},
}
@Book{Crease2011,
author = {Robert P. Crease},
title = {World in the Balance: The Historic Quest for an Absolute System of Measurement},
publisher = {W. W. Norton \& Company},
year = {2011},
address = {New York},
}
@Article{Davidson1967,
author = {Donald Davidson},
title = {Truth and Meaning},
journal = {Synthese},
year = {1967},
OPTkey = {â¢},
volume = {17},
number = {3},
pages = {304-323},
OPTmonth = {â¢},
OPTnote = {â¢},
OPTannote = {â¢}
}
@InCollection{Davidson1969,
author = {Donald Davidson},
title = {The Individuation of Events},
booktitle = {Essays in Honor of Carl G. Hempel},
year = {1969},
editor = {Nicholas Rescher},
pages = {216-234},
doi = {10.1007/978-94-017-1466-2\_11},
}
@InProceedings{Davidson1974,
author = {Donald Davidson},
title = {On the Very Idea of a Conceptual Scheme},
booktitle = {Proceedings and Addresses of the American Philosophical Association},
pages = {5--20},
year = {1974},
volume = {47},
}
@InBook{Davidson1978,
author = {Donald Davidson},
title = {Inquiries into Truth and Interpretation},
chapter = {What Metaphors Mean},
publisher = {Clarendon Press},
year = {1978},
address = {Oxford},
edition = {2nd},
}
@InCollection{Davidson1978,
author = {Donald Davidson},
booktitle = {Inquiries into Truth and Interpretation},
title = {What Metaphors Mean},
publisher = {Clarendon Press},
year = {1978},
address = {Oxford},
edition = {2nd},
}
@InCollection{Davidson1986,
author = {Donald Davidson},
title = {A Coherence Theory of Truth and Knowledge},
booktitle = {Truth and Interpretation: Perspectives on the Philosophy of Donald Davidson},
OPTcrossref = {â¢},
OPTkey = {â¢},
OPTpages = {â¢},
OPTpublisher = {Basil Blackwell},
year = {1986},
editor = {Ernest LePore},
OPTvolume = {â¢},
OPTnumber = {â¢},
OPTseries = {â¢},
OPTtype = {â¢},
OPTchapter = {â¢},
OPTaddress = {â¢},
OPTedition = {â¢},
OPTmonth = {â¢},
OPTnote = {â¢},
OPTannote = {â¢}
}
@InProceedings{Davidson1987,
author = {Donald Davidson},
title = {Knowing One's Own Mind},
booktitle = {Proceedings and Addresses of the American Philosophical Association},
pages = {441-458},
year = {1987},
volume = {60},
number = {3},
}
@InCollection{Davidson2001,
author = {Donald Davidson},
title = {Truth and Meaning},
booktitle = {The Philosophy of Language},
pages = {114-124},
year = {2001},
editor = {A. P. Martinich},
}
@Book{Deacon2011,
author = {Terrence W. Deacon},
ALTeditor = {â¢},
title = {Incomplete Nature: How Mind Emerged from Matter},
publisher = {W. W. Norton \& Company},
year = {2011},
OPTkey = {â¢},
OPTvolume = {â¢},
OPTnumber = {â¢},
OPTseries = {â¢},
address = {New York, NY},
OPTedition = {â¢},
OPTmonth = {â¢},
OPTnote = {â¢},
OPTannote = {â¢}
}
@Article{DeerwesterEA1990,
author = {Scott Deerwester and Susan T. Dumais and George W. Furnas and Thomas K. Landauer and Richard Harshman},
title = {Indexing by Latent Semantic Analysis},
journal = {Journal for the American Society for Information Science},
year = {1990},
OPTkey = {â¢},
volume = {41},
number = {6},
pages = {391-407},
OPTmonth = {â¢},
OPTnote = {â¢},
OPTannote = {â¢}
}
@InCollection{Dennett1984,
author = {Daniel C. Dennett},
title = {Cognitive Wheels: The Frame Problem of AI},
booktitle = {Minds, Machines, and Evolution: Philosophical Studies},
publisher = {Cambridge University Press},
editor = {Christopher Hookway},
pages = {129-151},
year = {1984},
}
@Book{Dennett1991,
author = {Daniel C. Dennett},
title = {Consciousness Explained},
publisher = {The Penguin Press},
year = {1991},
address = {London},
}
@book{Dennett1996,
author = {Daniel Dennett},
title = {Kind of Minds},
publisher = {Weidenfeld \& Nicolson},
address = {London},
year = {1996},
}
@Book{Dennett2013,
author = {Daniel C. Dennett},
ALTeditor = {â¢},
title = {Intuition Pumps and Other Tools for Thinking},
publisher = {W. W. Norton and Company},
year = {2013},
OPTkey = {â¢},
OPTvolume = {â¢},
OPTnumber = {â¢},
OPTseries = {â¢},
OPTaddress = {â¢},
OPTedition = {â¢},
OPTmonth = {â¢},
OPTnote = {â¢},
OPTannote = {â¢}
}
@Article{DennettEA1995,
author = {Daniel C. Dennett and John R. Searle},
title = {`{T}he {M}ystery of {C}onsciousness': {A}n {E}xchange},
journal = {The New York Review of Books},
year = {1995},
volume = {42},
number = {20},
}
@InProceedings{DerracEA2014,
author = {Joaqu{\'i}n Derrac and Steven Schockaert},
title = {Characterising Semantic Relatedness Using Interpretable Directions in Conceptual Spaces},
booktitle = {2nd European Conference on Artificial Intelligence},
year = {2014},
pages = {243-248},
doi = {10.3233/978-1-61499-419-0-243},
}
@article{DerracEA2015,
author = {Joaqu{\'{\i}}n Derrac and Steven Schockaert},
title = {Inducing semantic relations from conceptual spaces: {A} data-driven approach to plausible reasoning},
journal = {Artificial Intelligence},
volume = {228},
pages = {66--94},
year = {2015},
url = {http://dx.doi.org/10.1016/j.artint.2015.07.002},
doi = {10.1016/j.artint.2015.07.002},
}
@Book{Descartes1911,
author = {Ren{\'e} Descartes},
title = {The Philosophical Works of Descartes},
publisher = {Cambridge University Press},
year = {1641/1911},
note = {Translated by Elizabeth S. Haldane},
}
@Book{Dretske1981,
author = {Fred I. Dretske},
title = {Knowledge and the Flow of Information},
publisher = {CSLI Publications},
year = {1981},
}
@Book{Dretske1988,
author = {Fred Dretske},
ALTeditor = {â¢},
title = {Explaining Behavior: Reasons in a World of Causes},
publisher = {The MIT Press},
year = {1988},
OPTkey = {â¢},
OPTvolume = {â¢},
OPTnumber = {â¢},
OPTseries = {â¢},
address = {Cambridge, MA},
OPTedition = {â¢},
OPTmonth = {â¢},
OPTnote = {â¢},
OPTannote = {â¢}
}
@article{Dreyfus2012,
author = {Hubert L. Dreyfus},
title = {A History of First Step Fallacies},
journal = {Minds and Machines},
volume = {22},
number = {2},
pages = {87--99},
year = {2012},
url = {http://dx.doi.org/10.1007/s11023-012-9276-0},
doi = {10.1007/s11023-012-9276-0},
}
@Book{DreyfusEA1986,
author = {Hubert L. Dreyfus and Stuart E. Dreyfus},
title = {Mind over Machine},
publisher = {The Free Press},
year = {1986},
address = {New York},
}
@InProceedings{DroogHayesEA2015,
author = {Max Droog-Hayes and Geraint A. Wiggins},
title = {Improved Meaning in Poetry Using Statistical Methods},
booktitle = {Proceedings of the Sixth International Conference on Computational Creativity},
year = {2015},
}
@Book{Dummett1981,
author = {Michael Dummett},
title = {Frege: Philosophy of Language},
publisher = {Duckworth},
year = {1981},
address = {London},
edition = {2nd},
}
@Book{Dummett1993,
author = {Michael Dummett},
ALTeditor = {â¢},
title = {Seas of Language},
publisher = {Clarendon Press},
year = {1993},
OPTkey = {â¢},
OPTvolume = {â¢},
OPTnumber = {â¢},
OPTseries = {â¢},
address = {Oxford},
OPTedition = {â¢},
OPTmonth = {â¢},
OPTnote = {â¢},
OPTannote = {â¢}
}
@Inbook{Dunn2013,
author="Dunn, Jonathan",
editor="Gelbukh, Alexander",
title="Evaluating the Premises and Results of Four Metaphor Identification Systems",
bookTitle="Computational Linguistics and Intelligent Text Processing: 14th International Conference, CICLing 2013, Samos, Greece, March 24-30, 2013, Proceedings, Part I",
year="2013",
publisher="Springer Berlin Heidelberg",
pages="471--486",
doi="10.1007/978-3-642-37247-6_38",
url="http://dx.doi.org/10.1007/978-3-642-37247-6_38"
}
@Book{Dworkin1986,
author = {Ronald Dworkin},
ALTeditor = {â¢},
title = {Law's Empire},
publisher = {Harvard University Press},
year = {1986},
OPTkey = {â¢},
OPTvolume = {â¢},
OPTnumber = {â¢},
OPTseries = {â¢},
OPTaddress = {â¢},
OPTedition = {â¢},
OPTmonth = {â¢},
OPTnote = {â¢},
OPTannote = {â¢}
}
@Book{Eco1976,
author = {Umberto Eco},
title = {A Theory of Semiotics},
publisher = {Indiana University Press},
year = {1976},
address = {Bloomington},
}
@inproceedings{ErkEA2008,
author = {Erk, Katrin and Pad\'{o}, Sebastian},
title = {A Structured Vector Space Model for Word Meaning in Context},
booktitle = {Proceedings of the Conference on Empirical Methods in Natural Language Processing},
series = {EMNLP '08},
year = {2008},
pages = {897--906},
url = {http://dl.acm.org/citation.cfm?id=1613715.1613831},
} 
@inproceedings{ErkEA2010,
author = {Erk, Katrin and Pad\'{o}, Sebastian},
title = {Exemplar-based Models for Word Meaning in Context},
booktitle = {Proceedings of the ACL 2010 Conference Short Papers},
year = {2010},
pages = {92--97},
url = {http://dl.acm.org/citation.cfm?id=1858842.1858859},
} 
@Book{ErkEA2016,
editor = {Katrin Erk  and  Noah A. Smith},
title = {Proceedings of the 54th Annual Meeting of the Association for Computational Linguistics (Volume 1: Long Papers)},
month = {August},
year = {2016},
address = {Berlin, Germany},
publisher = {Association for Computational Linguistics},
url = {http://www.aclweb.org/anthology/P16-1}
}
@InProceedings{EshghiEA2013,
author = {Arash Eshghi and Matthew Purver and Julian Hough},
title = {Probabilistic induction for an incremental semantic grammar},
booktitle = {Proceedings of the 10th International Conference on Computational Semantics (IWCS 2013)},
pages = {107-118},
year = {2013},
}
@book{Evans2009,
author = {Vyvyan Evans},
title = {How Words Mean: Lexical Concepts, Cognitive Models, and Meaning Construction},
publisher = {Oxford University Press},
year = {2009},
}
@Article{Everett2005,
author = {Daniel L. Everett},
title = {Cultural Constraints on Grammar and Cognition in Pirah\~{a}: Another Look at the Design Features of Human Language},
journal = {Current Anthropology},
year = {2005},
OPTkey = {â¢},
volume = {46},
number = {4},
pages = {621--646},
OPTmonth = {â¢},
OPTnote = {â¢},
OPTannote = {â¢}
}
@Article{FalkenhainerEA1989,
author = {Brian Falkenhainer and Kenneth D. Forbus and Dedre Gentner},
title = {The Structure-Mapping Engine: Algorithms and Examples},
journal = {Artificial Intelligence},
year = {1989},
OPTkey = {â¢},
OPTvolume = {â¢},
number = {41},
pages = {1-63},
OPTmonth = {â¢},
OPTnote = {â¢},
OPTannote = {â¢}
}
@inproceedings{FaruquiEA2016,
author = {Faruqui, Manaal and Tsvetkov, Yulia and Rastogi, Pushpendre and Dyer, Chris},
title = {Problems With Evaluation of Word Embeddings Using Word Similarity Tasks},
booktitle = {Proceedings of the 1st Workshop on Evaluating Vector Space Representations for NLP},
year = {2016},
url = {http://arxiv.org/pdf/1605.02276v1.pdf},
}
@article{Fass1991,
author = {Fass, Dan},
title = {Met*: A Method for Discriminating Metonymy and Metaphor by Computer},
journal = {Computational Linguistics},
volume = {17},
number = {1},
year = {1991},
pages = {49--90},
url = {http://dl.acm.org/citation.cfm?id=971738.971741},
}
@Book{FauconnierEA2003,
author = {Gilles Fauconnier and Mark Turner},
ALTeditor = {â¢},
title = {The Way We Think: Conceptual Blending and the Mind's Hidden Complexities},
publisher = {BasicBooks},
year = {2003},
OPTkey = {â¢},
OPTvolume = {â¢},
OPTnumber = {â¢},
OPTseries = {â¢},
address = {New York, NY},
OPTedition = {â¢},
OPTmonth = {â¢},
OPTnote = {â¢},
OPTannote = {â¢}
}
@Booklet{Feist1991,
title = {Feist {P}ublications {I}nc. v. {R}ural {T}el. {S}ervice {C}o., 499 {U}.{S}. 330},
year = {1991},
}
@book{Feldman2006},
author = {Jerome Feldman},
title = {From Molecule to Metaphor: A Neural Theory of Language},
publisher = {MIT Press},
address = {Cambridge, MA},
year = {2006},
}
@Article{Feldman2010,
author = {Jerome Feldman},
title = {Embodied language, best-fit analysis, and formal compositionality},
journal = {Physics of Life Reviews},
year = {2010},
OPTkey = {â¢},
volume = {7},
number = {4},
pages = {385-410},
OPTmonth = {â¢},
OPTnote = {â¢},
OPTannote = {â¢}
}
@article {Fillmore1976,
author = {Fillmore, Charles J.},
title = {Frame Semantics and the Nature of Language},
journal = {Annals of the New York Academy of Sciences},
volume = {280},
number = {1},
publisher = {Blackwell Publishing Ltd},
pages = {20--32},
year = {1976},
}
@article{FinkelsteinEA2002,
author = {Lev Finkelstein and Evgeniy Gabrilovich and Yossi Matias and Ehud Rivlin and Zach Solan and Gadi Wolfman and Eytan Ruppin},
title = {Placing Search in Context: The Concept Revisited},
journal = {ACM Transanction on Information Systems},
volume = {20},
number = {1},
year = {2002},
issn = {1046-8188},
pages = {116--131},
numpages = {16},
url = {http://doi.acm.org/10.1145/503104.503110},
doi = {10.1145/503104.503110},
}
@InCollection{Firth1957,
author = {J. R. Firth},
title = {A Synopsis of Linguistic Theory, 1930-55},
booktitle = {Selected Papers of J. R. Firth 1952-59},
year = {1959},
editor = {F. R. Palmer},
}
@Book{Floridi2011,
author = {Luciano Floridi},
title = {The Philosophy of Information},
publisher = {Oxford University Press},
year = {2011},
}
@book{Fodor1975,
author = {Jerry A. Fodor},
title = {The Language of Thought},
publisher = {Harvard University Press},
address = {Cambridge, MA},
year = {1975},
}
@Book{Fodor2008,
author = {Jerry A. Fodor},
ALTeditor = {â¢},
title = {LOT 2: The Language of Thought Revised},
publisher = {Oxford University Press},
year = {2008},
OPTkey = {â¢},
OPTvolume = {â¢},
OPTnumber = {â¢},
OPTseries = {â¢},
OPTaddress = {â¢},
OPTedition = {â¢},
OPTmonth = {â¢},
OPTnote = {â¢},
OPTannote = {â¢},
}
@Article{FodorEA1988,
author = {Jerry A. Fodor and Zenon W. Pylyshyn},
title = {Connectionism and Cognitive Architecture: A Critical Analysis},
journal = {Cognition},
year = {1988},
volume = {28},
number = {1-2},
pages = {3-71},
}
@book{FoxEA2005,
author = {Chris Fox and Shalom Lappin},
title = {Foundations of Intensional Semantics},
publisher = {Blackwell Publishing},
address = {Oxford},
year = {2005},
}
@Book{Frege1960,
author = {Gottlob Frege},
ALTeditor = {â¢},
title = {Translations from the Philosophical Writings of Gottlob Frege},
publisher = {Blackwell},
year = {1960},
OPTkey = {â¢},
OPTvolume = {â¢},
OPTnumber = {â¢},
OPTseries = {â¢},
address = {Oxford},
edition = {2nd},
OPTmonth = {â¢},
note = {Edited by P. T. Geach and M. Black},
OPTannote = {â¢}
}
@article{FuegiEA2003,
author = {Fuegi, John and Francis, Jo},
title = {Lovelace \& Babbage and the Creation of the 1843 'Notes'},
journal = {IEEE Ann. Hist. Comput.},
issue_date = {October 2003},
volume = {25},
number = {4},
year = {2003},
pages = {16-26}
}
@inproceedings{GabrilovichEA2007,
author = {Gabrilovich, Evgeniy and Markovitch, Shaul},
title = {Computing Semantic Relatedness Using Wikipedia-based Explicit Semantic Analysis},
booktitle = {Proceedings of the 20th International Joint Conference on Artifical Intelligence},
year = {2007},
pages = {1606--1611},
url = {http://dl.acm.org/citation.cfm?id=1625275.1625535},
}
[download] 
@Book{Gardenfors2000,
author = {Peter G{\"a}rdenfors},
title = {Conceptual Space: The Geometry of Thought},
publisher = {The MIT Press},
year = {2000},
address = {Cambridge, MA},
}
@Book{Gardenfors2014,
author = {Peter G{\"a}rdenfors},
title = {The Geometry of Meaning: Semantics Based on Conceptual Spaces},
publisher = {The MIT Press},
year = {2014},
addresss = {Cambridge, MA},
}
@InProceedings{GargettEA2013,
author = {Andrew Gargett and John Barnden},
title = {Gen-Meta: Generating metaphors using a combination of AI reasoning and corpus-based modeling of formulaic expressions},
booktitle = {Proceedings of TAAI 2013},
year = {2013},
}
@InProceedings{GargettEA2014,
author = {Andrew Gargett and John Barnden},
title = {Mining Online Discussion Forums for Metaphors},
booktitle = {Ninth International Conference on Language Resources and Evaluation},
OPTcrossref = {â¢},
OPTkey = {â¢},
OPTpages = {â¢},
year = {2014},
OPTeditor = {â¢},
OPTvolume = {â¢},
OPTnumber = {â¢},
OPTseries = {â¢},
OPTaddress = {â¢},
OPTmonth = {â¢},
OPTorganization = {â¢},
OPTpublisher = {â¢},
OPTnote = {â¢},
OPTannote = {â¢}
}
@inproceedings{GeffetEA2005,
author = {Geffet, Maayan and Dagan, Ido},
title = {The Distributional Inclusion Hypotheses and Lexical Entailment},
booktitle = {Proceedings of the 43rd Annual Meeting on Association for Computational Linguistics},
year = {2005},
pages = {107--114},
url = {https://doi.org/10.3115/1219840.1219854},
doi = {10.3115/1219840.1219854},
} 
@ARTICLE{Gervas2000,
author = {Pablo Gerv{\'a}s},
title = {An Expert System for the Composition of Formal Spanish Poetry},
journal = {Journal of Knowledge-Based Systems},
year = {2000},
volume = {14},
pages = {200--1}
}
@InProceedings{Gervas2000B,
author = {Pablo Gerv{\'a}s},
title = {WASP: Evaluation of Different Strategies for the Automatic Generation of Spanish Verse},
booktitle = {Proceedings of the AISB-00 Symposium on Creative \& Cultural Aspects of AI},
pages = {93-100},
year = {2000},
}
@InProceedings{Gervas2010,
author = {Pablo Gerv{\'a}s},
title = {Engineering Linguistic Creativity: Bird Flight and Jet Planes},
booktitle = {Proceedings of the NAACL HLT 2010 Second Workshop on Computational Approaches to Linguistic Creativity},
pages = {23-30},
year = {2010},
}
@Book{Gibbs1994,
author = {Gibbs, Jr., Raymond W.},
title = {The Poetics of Mind},
publisher = {Cambridge University Press},
year = {1994},
}
@Book{Gibson1979,
author = {James J. Gibson},
title = {The Ecological Approach to Visual Perception},
publisher = {Houghton Miffline},
year = {1979},
address = {Boston},
}
@Article{Giora2004,
author = {Rachel Giora},
title = {Weapons of Mass Distraction: Optimal Innovation and Pleasure Ratings},
journal = {Metaphor and Symbol},
year = {2004},
OPTkey = {â¢},
volume = {19},
number = {2},
pages = {115-141},
OPTmonth = {â¢},
OPTnote = {â¢},
OPTannote = {â¢}
}
@InCollection{GradyEA1999,
author = {Joseph E. Grady and Todd Oakley and Seana Coulson},
title = {Blending and Metaphor},
booktitle = {Metaphor in Cognitive Linguistics},
OPTcrossref = {â¢},
OPTkey = {â¢},
OPTpages = {â¢},
publisher = {John Benjamins},
year = {1999},
editor = {G. Steen and R. Gibbs},
OPTvolume = {â¢},
OPTnumber = {â¢},
OPTseries = {â¢},
OPTtype = {â¢},
OPTchapter = {â¢},
address = {Philadelphia},
OPTedition = {â¢},
OPTmonth = {â¢},
OPTnote = {â¢},
OPTannote = {â¢}
}
@inproceedings{GrefenstetteEA2011,
author = {Grefenstette, Edward and Sadrzadeh, Mehrnoosh},
title = {Experimental Support for a Categorical Compositional Distributional Model of Meaning},
booktitle = {Proceedings of the Conference on Empirical Methods in Natural Language Processing},
year = {2011},
pages = {1394--1404},
publisher = {Association for Computational Linguistics},
address = {Stroudsburg, PA, USA},
}
@InProceedings{GrefenstetteEA2013,
author = {E. Grefenstette and G. Dinu and Y. Zhang and M. Sadrzadeh and M. Baroni},
title = {Multi-Step Regression Learning for Compositional Distributional Semantics},
booktitle = {10th International Conference on Computational Semantics},
OPTcrossref = {â¢},
OPTkey = {â¢},
OPTpages = {â¢},
year = {2013},
OPTeditor = {â¢},
OPTvolume = {â¢},
OPTnumber = {â¢},
OPTseries = {â¢},
OPTaddress = {â¢},
OPTmonth = {â¢},
OPTorganization = {â¢},
OPTpublisher = {â¢},
OPTnote = {â¢},
OPTannote = {â¢}
}
@InCollection{Grice1975,
author = {H. Paul Grice},
title = {Logic and Conversation},
booktitle = {Syntax and Semantics Volume 3: Speech Acts},
editor = {Peter Cole and Jerry L. Morgan},
year = {1975},
publisher = {Academic Press},
address = {New York},
pages = {41--58},
}
@InProceedings{GutierrezEA2016,
author = {E. Dar{\'{i}o} Guti{\'{e}}rrez and Ekaterina Shutova and Tyler Marghetis and Benjamin K. Bergen},
title = {Literal and Metaphorical Senses in Compositional Distributional Semantic Models},
booktitle = {Proceedings of the 54th Annual Meeting of the Association for Computational Linguistics},
year = {2016},
}
@article{Harris1954,
added-at = {2010-08-05T14:23:58.000+0200},
author = {Harris, Zellig},
journal = {Word},
key = {Harris},
number = 23,
pages = {146--162},
title = {Distributional structure},
volume = 10,
year = 1954
}
@Article{Harris1957,
author = {Zellig Harris},
title = {Co-Occurrence and Transformation in Linguistic Structure},
journal = {Language},
year = {1957},
OPTkey = {â¢},
volume = {33},
number = {3},
pages = {283-340},
OPTmonth = {â¢},
OPTnote = {â¢},
OPTannote = {â¢}
}
@Book{Harris1968,
author = {Zellig Harris},
title = {Mathematical Structures of Language},
publisher = {Interscience},
year = {1968},
address = {New York},
}
@incollection{Haspelmath2003,
address = {Mahwah, New Jersey/Londo},
author = {Haspelmath, Martin},
booktitle = {The new psychology of language: cognitive and functional approaches to language structure, vol. 2},
editor = {Tomasello, Michael},
pages = {211-242},
publisher = {Lawrence Erlbaum},
title = {The geometry of grammatical meaning: semantic maps and cross-linguistic comparison},
year = {2003},
url = {http://wwwstaff.eva.mpg.de/~haspelmt/SemMaps.pdf},
}
@Article{Hayes2013,
author = {Brian Hayes},
title = {First Links in the Markov Chain},
journal = {American Scientist},
year = {2013},
volume = {101},
pages = {92-97},
}
@Book{Heidegger1926,
author = {Martin Heidegger},
ALTeditor = {â¢},
title = {Being and Time},
publisher = {Basil Blackwell},
year = {1926/1962},
OPTkey = {â¢},
OPTvolume = {â¢},
OPTnumber = {â¢},
OPTseries = {â¢},
address = {Oxford},
OPTedition = {â¢},
OPTmonth = {â¢},
note = {translated by John Macquarrie and Edward Robinson},
OPTannote = {â¢}
}
@Book{Hesse1963,
author = {Mary B. Hesse},
ALTeditor = {â¢},
title = {Models and Analogies in Science},
publisher = {Sheed and Ward},
year = {1963},
OPTkey = {â¢},
OPTvolume = {â¢},
OPTnumber = {â¢},
OPTseries = {â¢},
address = {New York},
OPTedition = {â¢},
OPTmonth = {â¢},
OPTnote = {â¢},
OPTannote = {â¢}
}
@Article{Hesse1988,
author = {Mary Hesse},
title = {The Cognitive Claims of Metaphor},
journal = {The Journal of Speculative Philosophy},
year = {1988},
OPTkey = {â¢},
volume = {2},
number = {1},
pages = {1-16},
OPTmonth = {â¢},
OPTnote = {â¢},
OPTannote = {â¢}
}
@inproceedings{HillEA2014,
author = {Felix Hill and Anna Korhonen},
title = {Learning Abstract Concept Embeddings from Multi-Modal Data: Since You Probably Can't See What {I} Mean},
booktitle = {Proceedings of the 2014 Conference on Empirical Methods in Natural Language Processing},
pages = {255--265},
year = {2014},
url = {http://aclweb.org/anthology/D/D14/D14-1032.pdf},
}
@article{HillEA2015,
author = {Hill, Felix and Reichart, Roi and Korhonen, Anna},
title = {Simlex-999: Evaluating Semantic Models with Genuine Similarity Estimation},
journal = {Computational Linguistics},
volume = {41},
number = {4},
year = {2015},
pages = {665--695},
doi = {10.1162/COLI\_a\_00237},
}
@InProceedings{Hinton1986,
author = {Geoffrey E. Hinton},
title = {Learning distributed representations of concepts},
booktitle = {Proceedings of the Eighth Annual Conference of the Cognitive Science Society},
OPTcrossref = {â¢},
OPTkey = {â¢},
pages = {1-12},
year = {1986},
OPTeditor = {â¢},
OPTvolume = {â¢},
OPTnumber = {â¢},
OPTseries = {â¢},
OPTaddress = {â¢},
OPTmonth = {â¢},
OPTorganization = {â¢},
OPTpublisher = {â¢},
OPTnote = {â¢},
OPTannote = {â¢}
}
@Article{HintonEA2006,
author = {Geoffrey E. Hinton and Simon Osindero and Yee-Whye Teh},
title = {A Fast Learning Algorithm for Deep Belief Nets},
journal = {Neural Computation},
year = {2006},
volume = {18},
number = {7},
pages = {1527-1554},
}
@Book{Hobbes1651,
author = {Thomas Hobbes},
ALTeditor = {â¢},
title = {Leviathan},
publisher = {Andrew Cooke},
year = {1651},
OPTkey = {â¢},
OPTvolume = {â¢},
OPTnumber = {â¢},
OPTseries = {â¢},
OPTaddress = {â¢},
OPTedition = {â¢},
OPTmonth = {â¢},
OPTnote = {â¢},
OPTannote = {â¢}
}
@Book{HobbsEA1985,
author = {Jerry R. Hobbs and Robert C. Moore},
ALTeditor = {â¢},
title = {Formal Theories of the Commonsense World},
publisher = {Ablex},
year = {1985},
OPTkey = {â¢},
OPTvolume = {â¢},
OPTnumber = {â¢},
OPTseries = {â¢},
address = {Norwood, NJ},
OPTedition = {â¢},
OPTmonth = {â¢},
OPTnote = {â¢},
OPTannote = {â¢}
}
@InCollection{Honeybone2005,
author = {Patrick Honeybone},
title = {Firth},
booktitle = {Key Thinkers in Linguistics and the Philosophy of Language},
publisher = {Edinburgh University Press},
year = {2005},
editor = {Siobhan Chapman and Christopher Routledge},
}
@InProceedings{HovyEA2013,
author = {Dirk Hovy and Shashank Srivastava and Sujay Kumar and Jauhar Mrinmaya Sachan and Kartik Goyal and Huiying Li and Whitney Sanders and Eduard Hovy},
title = {Identifying Metaphorical Word Use with Tree Kernels},
year = {2013},
booktitle = {Proceedings of the First Workshop on Metaphor in NLP}, pages = {52--57},
}
@inproceedings{HuangEA2012,
author = {Huang, Eric H. and Socher, Richard and Manning, Christopher D. and Ng, Andrew Y.},
title = {Improving Word Representations via Global Context and Multiple Word Prototypes},
booktitle = {Proceedings of the 50th Annual Meeting of the Association for Computational Linguistics: Long Papers - Volume 1},
year = {2012},
pages = {873--882},
url = {http://dl.acm.org/citation.cfm?id=2390524.2390645},
} 
@Book{Huron2006,
author = {David Huron},
title = {Sweet Anticipation},
publisher = {MIT Press},
year = {2006},
address = {Cambridge, MA},
}
@Book{Husserl1901,
author = {Edmund Husserl},
ALTeditor = {â¢},
title = {Logical Investigations},
publisher = {Routledge and Keegan Paul},
year = {1901/1970},
OPTkey = {â¢},
OPTvolume = {â¢},
OPTnumber = {â¢},
OPTseries = {â¢},
address = {London},
OPTedition = {â¢},
OPTmonth = {â¢},
note = {Translated by J. N. Findlay},
OPTannote = {â¢}
}
@Book{Hutchins1996,
author = {Edwin Hutchins},
ALTeditor = {â¢},
title = {Cognition in the Wild},
publisher = {MIT Press},
year = {1996},
OPTkey = {â¢},
OPTvolume = {â¢},
OPTnumber = {â¢},
OPTseries = {â¢},
address = {Cambridge, MA},
OPTedition = {â¢},
OPTmonth = {â¢},
OPTnote = {â¢},
OPTannote = {â¢}
}
@article{Indurkhya1997,
author = {Bipin Indurkhya},
title = {Metaphor as change of representation: an artificial intelligence perspective},
journal = {Journal of Experimental \& Theoretical Artificial Intelligence},
volume = {9},
number = {1},
pages = {1-36},
year = {1997},
doi = {10.1080/095281397147211},
URL = { http://dx.doi.org/10.1080/095281397147211},
}
@Incollection{Jager2010,
author="J{\"a}ger, Gerhard",
editor="Aloni, Maria and Bastiaanse, Harald and de Jager, Tikitu and Schulz, Katrin",
title="Natural Color Categories Are Convex Sets",
bookTitle="Logic, Language and Meaning: 17th Amsterdam Colloquium, Amsterdam, The Netherlands, December 16-18, 2009, Revised Selected Papers",
year="2010",
pages="11--20",
doi="10.1007/978-3-642-14287-1_2",
url="http://dx.doi.org/10.1007/978-3-642-14287-1_2"
}
@Book{Jaynes1976,
author = {Julian Jaynes},
ALTeditor = {â¢},
title = {The Origin of Consciousness in the Breakdown of the Bicameral Mind},
publisher = {Penguin Books},
year = {1976},
OPTkey = {â¢},
OPTvolume = {â¢},
OPTnumber = {â¢},
OPTseries = {â¢},
OPTaddress = {â¢},
OPTedition = {â¢},
OPTmonth = {â¢},
OPTnote = {â¢},
OPTannote = {â¢}
}
@InCollection{Jelinek1985,
author = {Frederick Jelinek },
title = {Markov Source Modeling of Text Generation},
booktitle = {The Impact of Processing Techniques on Communications},
pages = {569-591},
publisher = {NATO ASI Series},
year = {1985},
editor = {J. K. Skwirzynski},
volume = {91},
}
@INPROCEEDINGS{JelinekEA1990,
author = {F. Jelinek and B. Merialdo and S. Roukos and M. Strauss I},
title = {Self-organized language modeling for speech recognition},
booktitle = {Readings in Speech Recognition},
year = {1990},
pages = {450--506},
publisher = {Morgan Kaufmann},
}
@PhdThesis{Jordanous2012,
author = {Anna Katerina Jordanous},
title = {Evaluating Computational Creativity: A Standardised Procedure for Evaluating Creative Systems and its Application},
school = {University of Sussex},
year = {2012},
OPTkey = {â¢},
OPTtype = {â¢},
OPTaddress = {â¢},
OPTmonth = {â¢},
OPTnote = {â¢},
OPTannote = {â¢}
}
@InProceedings{Jordanous2015,
author = {Anna Jordanous},
title = {Four PPPPerspectives on Computational Creativity},
booktitle = {Proceedings of AISB 2015âs Second International Symposium on Computational Creativity},
year = {2015},
}
@Book{JurafskyEA2009,
author = {Daniel Jurafsky and James H. Martin},
title = {Speech and Language Processing},
publisher = {Pearson},
year = {2009},
address = {Upper Saddle River, NJ},
edition = {2nd},
}
@InProceedings{KalchbrennerEA2014,
author = {Nal Kalchbrenner and Edward Grefenstette and Phil Blunsom},
title = {A Convolutional Neural Network for Modelling Sentences},
booktitle = {Proceedings of the 52nd Annual Meeting of the Association for Computational Linguistics},
OPTcrossref = {â¢},
OPTkey = {â¢},
OPTpages = {â¢},
year = {2014},
OPTeditor = {â¢},
OPTvolume = {â¢},
OPTnumber = {â¢},
OPTseries = {â¢},
OPTaddress = {â¢},
OPTmonth = {â¢},
OPTorganization = {â¢},
OPTpublisher = {â¢},
OPTnote = {â¢},
OPTannote = {â¢}
}
@Book{Kant1787,
author = {Immanuel Kant},
ALTeditor = {â¢},
title = {Critique of Pure Reason},
publisher = {Hackett Publishing Company},
year = {1787/1996},
OPTkey = {â¢},
OPTvolume = {â¢},
OPTnumber = {â¢},
OPTseries = {â¢},
address = {Indianapolis, IN},
OPTedition = {â¢},
OPTmonth = {â¢},
note = {Translated by Werner S. Pluhar},
OPTannote = {â¢}
}
@Article{Karjala2008,
author = {Dennis S. Karjala},
title = {Copyright and Creativity},
journal = {UCLA Entertainment Law Review},
year = {2008},
volume = {15},
}
@InProceedings{KartsaklisEA2013,
author = {Dimitri Kartsaklis and Mehrnoosh Sadrzadeh},
title = {Prior Disambiguation of Word Tensors for Constructing Sentence Vectors},
booktitle = {Proceedings of the 2013 Conference on Empirical Methods in Natural Language Processing},
OPTcrossref = {â¢},
OPTkey = {â¢},
pages = {1590-1601},
year = {2013},
OPTeditor = {â¢},
OPTvolume = {â¢},
OPTnumber = {â¢},
OPTseries = {â¢},
OPTaddress = {â¢},
OPTmonth = {â¢},
OPTorganization = {â¢},
OPTpublisher = {â¢},
OPTnote = {â¢},
OPTannote = {â¢}
}
@inproceedings{KartsaklisEA2016,
author = {Dimitri Kartsaklis and Mehrnoosh Sadrzadeh},
title = {Distributional Inclusion Hypothesis for Tensor-based Composition},
booktitle = {{COLING} 2016, 26th International Conference on Computational Linguistics, Proceedings of the Conference: Technical Papers, December 11-16, 2016, Osaka, Japan},
pages = {2849--2860},
year = {2016},
url = {http://aclweb.org/anthology/C/C16/C16-1268.pdf},
}
@Article{KayEA1999,
author = {Paul Kay and Luisa Maffi},
title = {Color Appearances and the Emergence and Evolution of Basic Color Lexicons},
journal = {American Anthropologist},
year = {1999},
OPTkey = {â¢},
volume = {101},
number = {4},
pages = {743-760},
OPTmonth = {â¢},
OPTnote = {â¢},
OPTannote = {â¢}
}
@Book{KempsonEA2001,
author = {Ruth Kempson and Wilfried Meyer-Viol},
ALTeditor = {â¢},
title = {Dynamic Syntax},
publisher = {Blackwell},
year = {2001},
OPTkey = {â¢},
OPTvolume = {â¢},
OPTnumber = {â¢},
OPTseries = {â¢},
address = {Oxford},
OPTedition = {â¢},
OPTmonth = {â¢},
OPTnote = {â¢},
OPTannote = {â¢}
}
@InProceedings{KielaEA2014,
author = {Douwe Kiela and Stephen Clark},
title = {A Systematic Study of Semantic Vector Space Model Parameters},
booktitle = {Proceedings of the 2nd Workshop on Continuous Vector Space Models and their Compositionality (CVSC) @ EACL 2014},
OPTcrossref = {â¢},
OPTkey = {â¢},
pages = {21-30},
year = {2014},
OPTeditor = {â¢},
OPTvolume = {â¢},
OPTnumber = {â¢},
OPTseries = {â¢},
address = {Gothenburg},
OPTmonth = {â¢},
OPTorganization = {â¢},
OPTpublisher = {â¢},
OPTnote = {â¢},
OPTannote = {â¢}
}
@Article{Kintsch2000,
author="Kintsch, Walter",
title="Metaphor comprehension: A computational theory",
journal="Psychonomic Bulletin {\&} Review",
year="2000",
volume="7",
number="2",
pages="257--266",
doi="10.3758/BF03212981",
url="http://dx.doi.org/10.3758/BF03212981"
}
@Book{Koestler1964,
author = {Arthur Koestler},
ALTeditor = {â¢},
title = {The Act of Creation},
publisher = {Hutchinson},
year = {1964},
OPTkey = {â¢},
OPTvolume = {â¢},
OPTnumber = {â¢},
OPTseries = {â¢},
address = {London},
OPTedition = {â¢},
OPTmonth = {â¢},
OPTnote = {â¢},
OPTannote = {â¢}
}
@InCollection{Lakoff1993,
author = {George Lakoff},
title = {The contemporary theory of metaphor},
booktitle = {Metaphor and Thought},
publisher = {Cambridge University Press},
year = {1993},
editor = {Andrew Ortony},
edition = {2nd},
}
@book{Lakoff1987,
author = {George Lakoff},
title = {Women, Fire, and Dangerous Things},
publisher = {University of Chicago Press},
year = {1987},
}
@Book{LakoffEA1980,
author = {George Lakoff and Mark Johnson},
title = {Metaphors We Live By},
publisher = {University of Chicago Press},
year = {1980},
}
@InProceedings{LandauerEA1997,
author = {Thomas Landauer and Darrell Laham and Bob Rehder and M. E. Schreiner},
title = {How Well Can Passage Meaning be Derived without Using Word Order? A Comparison of Latent Semantic Analysis and Humans.},
booktitle = {Proceedings of the 19th Annual Conference of the Cognitive Science Society},
pages = {412-417},
year = {1997},
}
@book{Langacker1987,
author={Ronald W. Langacker},
title={Foundations of cognitive grammar: Theoretical Prerequisites},
year={1987},
address={Stanford, CA},
publisher={Stanford University Press},
}
@Book{Langacker1991,
author = {Rudolph Langacker},
ALTeditor = {â¢},
title = {Concept, Image, and Symbol: The Cognitive Basis of Grammar},
publisher = {Mouton de Gruyter},
year = {1991},
OPTkey = {â¢},
OPTvolume = {â¢},
OPTnumber = {â¢},
OPTseries = {â¢},
address = {Berlin},
OPTedition = {â¢},
OPTmonth = {â¢},
OPTnote = {â¢},
OPTannote = {â¢}
}
@InProceedings{LapesaEA2013,
author = {Lapesa, Gabriella  and  Evert, Stefan},
title = {Evaluating Neighbor Rank and Distance Measures as Predictors of Semantic Priming},
booktitle = {Proceedings of the Fourth Annual Workshop on Cognitive Modeling and Computational Linguistics (CMCL)},
month = {August},
year = {2013},
address = {Sofia, Bulgaria},
publisher = {Association for Computational Linguistics},
pages = {66--74},
url = {http://www.aclweb.org/anthology/W13-2608}
}
@article{LapesaEA2014,
author = {Lapesa, Gabriella  and Evert, Stefan },
title = {A Large Scale Evaluation of Distributional Semantic Models: Parameters, Interactions and Model Selection},
journal = {Transactions of the Association for Computational Linguistics},
volume = {2},
year = {2014},
url = {https://transacl.org/ojs/index.php/tacl/article/view/457},
pages = {531--545}
}
@InProceedings{Lee2006,
author = {Mark Lee},
title = {Methodological Issues in Building a Corpus of Doctor-Patient Dialogues Annotated for Metaphor},
booktitle = {Cognitive-Linguisitic Approaches: What Can We Gain by Computational Treatment of Data? A Theme Session at DGKL-06/GCLA-06},
OPTcrossref = {â¢},
OPTkey = {â¢},
OPTpages = {â¢},
year = {2006},
OPTeditor = {â¢},
OPTvolume = {â¢},
OPTnumber = {â¢},
OPTseries = {â¢},
OPTaddress = {â¢},
OPTmonth = {â¢},
OPTorganization = {â¢},
OPTpublisher = {â¢},
OPTnote = {â¢},
OPTannote = {â¢}
}
@Article{Lee2012,
author = {Edward Lee},
title = {Digital Originality},
journal = {Vanderbilt Journal of Entertainment and Technology Law},
year = {2014},
volume = {14},
number = {4},
pages = {919-957},
}
@article{LeeEA2001,
author = { Mark G.   Lee  and  John A.   Barnden },
title = {Reasoning About Mixed Metaphors Within an Implemented Artificial Intelligence System},
journal = {Metaphor and Symbol},
volume = {16},
number = {1-2},
pages = {29-42},
year = {2001},
}
@Book{Lessig2001,
author = {Lawrence Lessig},
title = {The Future of Ideas: The Fate of the Commons in a Connected World},
publisher = {Random House},
year = {2001},
address = {New York},
}
@Article{Levinson2001,
author = {Stephen C. Levinson},
title = {Y\'{e}l\^{i} Dnye and the Theory of Basic Color Terms},
journal = {Journal of Linguistic Anthropology},
year = {2001},
OPTkey = {â¢},
volume = {10},
number = {1},
pages = {3-55},
OPTmonth = {â¢},
OPTnote = {â¢},
OPTannote = {â¢}
}
@InProceedings{LevyEA2014,
author = {Omer Levy and Yoav Goldberg},
title = {Linguistic Regularities in Sparse and Explicit Word Representations},
booktitle = {Eighteenth Conference on Computational Natural Language Learning},
OPTcrossref = {â¢},
OPTkey = {â¢},
OPTpages = {â¢},
year = {2014},
OPTeditor = {â¢},
OPTvolume = {â¢},
OPTnumber = {â¢},
OPTseries = {â¢},
OPTaddress = {â¢},
OPTmonth = {â¢},
OPTorganization = {â¢},
OPTpublisher = {â¢},
OPTnote = {â¢},
OPTannote = {â¢}
}
@incollection{LevyEA2014b,
title = {Neural Word Embedding as Implicit Matrix Factorization},
author = {Levy, Omer and Goldberg, Yoav},
booktitle = {Advances in Neural Information Processing Systems 27},
editor = {Z. Ghahramani and M. Welling and C. Cortes and N. D. Lawrence and K. Q. Weinberger},
pages = {2177--2185},
year = {2014},
publisher = {Curran Associates, Inc.},
url = {http://papers.nips.cc/paper/5477-neural-word-embedding-as-implicit-matrix-factorization.pdf}
}
@inproceedings{LevyEA2015,
author = {Omer Levy and Steffen Remus and Chris Biemann and Ido Dagan},
title = {Do Supervised Distributional Methods Really Learn Lexical Inference Relations?},
booktitle = {The 2015 Conference of the North American Chapter of the Association for Computational Linguistics: Human Language Technologies},
pages = {970--976},
year = {2015},
url = {http://aclweb.org/anthology/N/N15/N15-1098.pdf},
}
@InProceedings{LeymarieEA2012,
author = {Frederic Fol Leymarie and Patrick Tresset},
title = {Robot Drawing and Human Engagement},
booktitle = {Proceedings of the 5th International Workshop on Human-Friendly Robotics},
year = {2012},
}
@Article{LundEA1996,
author = {Kevin Lund and Kurt Burgess},
title = {Producing High-Dimensional Semantic Spaces from Lexical Co-Occurrence},
journal = {Behavior Research Methods, Instruments, and Computers},
year = {1996},
OPTkey = {â¢},
volume = {28},
number = {2},
pages = {203-208},
OPTmonth = {â¢},
OPTnote = {â¢},
OPTannote = {â¢}
}
@PhdThesis{Manurung2003,
author = {Hisar Maruli Manurung},
title = {An evolutionary algorithm approach to poetry generation},
school = {University of Edinburgh},
year = {2003},
}
@INPROCEEDINGS{ManurungEA2000,
author = {Hisar Maruli Manurung and Graeme Ritchie and Henry Thompson},
title = {Towards A Computational Model of Poetry Generation},
booktitle = {Proceedings of AISB Symposium on Creative and Cultural Aspects and Applications of AI and Cognitive Science},
year = {2000},
pages = {79-86},
}
@Book{Marcus1989,
author = {Greil Marcus},
title = {Lipstick Traces},
publisher = {Harvard University Press},
year = {1989},
address = {Cambridge, MA},
}
@Article{MarinoEA2006,
author = {Jos{\'e} B. Mari{\~n}o and Rafael E. Banchs and Josep M. Crego and Adri{\`a}de Gispert and Patrik Lambert and Jos{\'e} A. R. Fonollosa and Marta R. Costa-juss{\`a}},
title = {\textit{N}-gram-based Machine Translation},
journal = {Computational Linguistics},
year = {2006},
volume = {32},
number = {4},
pages = {527-549},
}
@Book{MaturanaEA1987,
author = {Humberto Maturana and Francisco Varela},
ALTeditor = {â¢},
title = {The Tree of Knowledge},
publisher = {Shambhala},
year = {1987},
OPTkey = {â¢},
OPTvolume = {â¢},
OPTnumber = {â¢},
OPTseries = {â¢},
address = {Boston, MA},
OPTedition = {â¢},
OPTmonth = {â¢},
note = {Translated by Robert Paolucci},
OPTannote = {â¢}
}
@InCollection{McCullochEA1990,
author = {Warren S. McCulloch and Walter H. Pitts},
title = {A Logical Calculus of the Ideas Immanent in Nervous Activity},
booktitle = {The Philosophy of Artificial Intelligence},
publisher = {Oxford University Press},
year = {1990},
editor = {Margaret A. Boden},
}
@Article{McElreeEA1999,
author = {McElree, Brian and Johanna Nordlie},
title= {Literal and figurative interpretations are computed in equal time},
journal= {Psychonomic Bulletin {\&} Review},
year= {1999},
volume= {6},
number= {3},
pages= {486--494},
}
@InProceedings{McGregor2014,
author = {Stephen McGregor},
title = {Considering the Law as an Evaluative Mechanism for Computational Creativity},
booktitle = {Proceedings of AISB14CC},
year = {2014},
}
@InProceedings{McGregorEA2014,
author = {Stephen McGregor and Geraint Wiggins and Matthew Purver},
title = {Computational Creativity: A Philosophical Approach, and an Approach to Philosophy},
booktitle = {Proceedings of the Fifth International Conference on Computational Creativity},
OPTcrossref = {â¢},
OPTkey = {â¢},
OPTpages = {â¢},
year = {2014},
OPTeditor = {â¢},
OPTvolume = {â¢},
OPTnumber = {â¢},
OPTseries = {â¢},
OPTaddress = {â¢},
OPTmonth = {â¢},
OPTorganization = {â¢},
OPTpublisher = {â¢},
OPTnote = {â¢},
OPTannote = {â¢}
}
@InProceedings{McGregorEA2015,
author = {Stephen McGregor and Mariano Mora McGinty and Sascha Griffiths},
title = {How Many Robots? Creativity, Robots and Multi-Agent Systems},
booktitle = {AISB 2015 Symposium on Computational Creativity},
OPTcrossref = {â¢},
OPTkey = {â¢},
OPTpages = {â¢},
year = {2015},
OPTeditor = {â¢},
OPTvolume = {â¢},
OPTnumber = {â¢},
OPTseries = {â¢},
OPTaddress = {â¢},
OPTmonth = {â¢},
OPTorganization = {â¢},
OPTpublisher = {â¢},
OPTnote = {â¢},
OPTannote = {â¢}
}
@InProceedings{McGregorEA2015b,
author = {Stephen McGregor and Matthew Purver and Geraint Wiggins},
title = {Metaphor, Meaning, Computers and Consciousness},
booktitle = {8th AISB Symposium on Computing and Philosophy},
OPTcrossref = {â¢},
OPTkey = {â¢},
OPTpages = {â¢},
year = {2015},
OPTeditor = {â¢},
OPTvolume = {â¢},
OPTnumber = {â¢},
OPTseries = {â¢},
OPTaddress = {â¢},
OPTmonth = {â¢},
OPTorganization = {â¢},
OPTpublisher = {â¢},
OPTnote = {â¢},
OPTannote = {â¢}
}
@Article{McGregorEA2015c,
author = {Stephen McGregor and Kat Agres and Matthew Purver and Geraint Wiggins},
title = {From Distributional Semantics to Conceptual Spaces: A Novel Computational Method for Concept Creation},
journal = {Journal of Artificial General Intelligence},
year = {2015},
OPTkey = {â¢},
OPTvolume = {â¢},
OPTnumber = {â¢},
OPTpages = {â¢},
OPTmonth = {â¢},
OPTannote = {â¢}
}
@Booklet{Meshwerks2008,
title = {Meshwerks, {I}nc. v. {T}oyota {M}otor {S}ales {U}.{S}.{A}., {I}nc., 528 {F}.3d 1258 (10th {C}ir.)},
year = {2008},
}
@InProceedings{MikolovEA2010,
author = {Tom\'{a}\Ë{s} Mikolov and Martin Karafi\'{a}t and Luk\'{a}\Ë{s} Burget and Jan ``Honza'' Cernock \'{y} and Sanjeev Khudanpur},
title = {Recurrent Neural Network Based Language Model},
booktitle = {Interspeech 2010},
OPTcrossref = {â¢},
OPTkey = {â¢},
OPTpages = {â¢},
year = {2010},
OPTeditor = {â¢},
OPTvolume = {â¢},
OPTnumber = {â¢},
OPTseries = {â¢},
OPTaddress = {â¢},
OPTmonth = {â¢},
OPTorganization = {â¢},
OPTpublisher = {â¢},
OPTnote = {â¢},
OPTannote = {â¢}
}
@InProceedings{MikolovEA2013,
author = {Tomas Mikolov and Wen-tau Yih and Geoffrey Zweig},
title = {Linguistic Regularities in Continuous Space Word Representations},
booktitle = {Proceedings of the 2013 Conference of the North American Chapter of the Association for Computational Linguistics: Human Language Technologies},
OPTcrossref = {â¢},
OPTkey = {â¢},
pages = {246-251},
year = {2013},
OPTeditor = {â¢},
OPTvolume = {â¢},
OPTnumber = {â¢},
OPTseries = {â¢},
OPTaddress = {â¢},
OPTmonth = {â¢},
OPTorganization = {â¢},
OPTpublisher = {â¢},
OPTnote = {â¢},
OPTannote = {â¢}
}
@InProceedings{MikolovEA2013b ,
author = {Tomas Mikolov and Kai Chen and Greg Corrado and Jeffrey Dean},
title = {Efficient Estimation of Word Representations in Vector Space},
booktitle = {Proceedings of ICLR Workshop},
OPTcrossref = {â¢},
OPTkey = {â¢},
OPTpages = {â¢},
year = {2013},
OPTeditor = {â¢},
OPTvolume = {â¢},
OPTnumber = {â¢},
OPTseries = {â¢},
OPTaddress = {â¢},
OPTmonth = {â¢},
OPTorganization = {â¢},
OPTpublisher = {â¢},
OPTnote = {â¢},
OPTannote = {â¢}
}
@inproceedings{MikolovEA2013c,
author = {Mikolov, Tomas and Sutskever, Ilya and Chen, Kai and Corrado, Greg and Dean, Jeffrey},
title = {Distributed Representations of Words and Phrases and Their Compositionality},
booktitle = {Proceedings of the 26th International Conference on Neural Information Processing Systems},
year = {2013},
pages = {3111--3119},
numpages = {9},
url = {http://dl.acm.org/citation.cfm?id=2999792.2999959},
}
@InProceedings{MilajevsEA2014,
author = {Dmitrijs Milajevs and Dimitri Kartsaklis and Mehrnoosh Sadrzadeh and Matthew Purver},
title = {Evaluating Neural Word Representations in Tensor-Based Compositional Settings},
booktitle = {Proceedings of EMNLP 2014},
OPTcrossref = {â¢},
OPTkey = {â¢},
OPTpages = {â¢},
year = {2014},
OPTeditor = {â¢},
OPTvolume = {â¢},
OPTnumber = {â¢},
OPTseries = {â¢},
OPTaddress = {â¢},
OPTmonth = {â¢},
OPTorganization = {â¢},
OPTpublisher = {â¢},
OPTnote = {â¢},
OPTannote = {â¢}
}
@InProceedings{MilajevsEA2016,
author = {Milajevs, Dmitrijs  and  Sadrzadeh, Mehrnoosh  and  Purver, Matthew},
title = {Robust Co-occurrence Quantification for Lexical Distributional Semantics},
booktitle = {Proceedings of the ACL 2016 Student Research Workshop},
month = {August},
year = {2016},
address = {Berlin, Germany},
publisher = {Association for Computational Linguistics},
pages = {58--64},
isbn = "978-1-945626-02-9",
url = {http://anthology.aclweb.org/P/P16/P16-3009}
}
@InProceedings{MitchellEA2008,
author = {Jeff Mitchell and Mirella Lapata},
title = {Vector-based Models of Semantic Composition},
booktitle = {Proceedings of ACL-08:HLT},
pages = {236-244},
year = {2008},
}
@Article{MitchellEA2010,
author = {Jeff Mitchell and Mirella Lapata},
title = {Composition in Distributional Models of Semantics},
journal = {Cognitive Science},
year = {2010},
OPTkey = {â¢},
volume = {34},
number = {8},
pages = {1388-1439},
OPTmonth = {â¢},
OPTnote = {â¢},
OPTannote = {â¢}
}
@InCollection{Montague1974,
author = {Richard Montague},
title = {English as a Formal Language},
booktitle = {Formal Philosophy: selected papers of Richard Montague},
publisher = {Yale University Press},
year = {1974},
editor = {Richard H. Thompson},
address = {New Haven, CT},
}
@InProceedings{Moore2005,
author = {Roger K. Moore},
title = {Results from a Survey of Attendees at ASRU 1997 and 2003},
booktitle = {Proceedings of Interspeech 2005},
OPTcrossref = {â¢},
OPTkey = {â¢},
OPTpages = {â¢},
year = {2005},
OPTeditor = {â¢},
OPTvolume = {â¢},
OPTnumber = {â¢},
OPTseries = {â¢},
address = {Lisbon},
OPTmonth = {â¢},
OPTorganization = {â¢},
OPTpublisher = {â¢},
OPTnote = {â¢},
OPTannote = {â¢}
}
@Book{Morgan1923,
author = {C. Lloyd Morgan},
ALTeditor = {â¢},
title = {Emergent Evolution},
publisher = {Williams and Norgate},
year = {1923},
OPTkey = {â¢},
OPTvolume = {â¢},
OPTnumber = {â¢},
OPTseries = {â¢},
address = {London},
OPTedition = {â¢},
OPTmonth = {â¢},
OPTnote = {â¢},
OPTannote = {â¢}
}
@inproceedings{Mrksic2016,
author = {Nikola Mrksic and Diarmuid {\'{O}} S{\'{e}}aghdha and Blaise Thomson and Milica Gasic and Lina Maria Rojas{-}Barahona and Pei{-}Hao Su and David Vandyke and Tsung{-}Hsien Wen and Steve J. Young},
title = {Counter-fitting Word Vectors to Linguistic Constraints},
booktitle = {{NAACL} {HLT} 2016, The 2016 Conference of the North American Chapter of the Association for Computational Linguistics: Human Language Technologies},
pages     = {142--148},
year      = {2016},
url       = {http://aclweb.org/anthology/N/N16/N16-1018.pdf},
}
@Article{MullallyEA2006,
author = {Emma-Claire Mullally and Diarmuid P. O'Donoghue},
title = {Spatial Inference with Geometrical Proportional Analogies},
journal = {Artificial Intelligence Review},
year = {2006},
OPTkey = {â¢},
OPTvolume = {â¢},
OPTnumber = {â¢},
OPTpages = {129-140},
OPTmonth = {â¢},
OPTnote = {â¢},
OPTannote = {â¢}
}
@inproceedings{Narayanan1999,
author = {Srinivas Narayanan},
title = {Moving Right Along: {A} Computational Model of Metaphoric Reasoning about Events},
booktitle = {Proceedings of the Sixteenth National Conference on Artificial Intelligence and Eleventh Conference on Innovative Applications of Artificial Intelligence},
pages = {121--127},
year = {1999},
url = {http://www.aaai.org/Library/AAAI/1999/aaai99-018.php},
}
@InProceedings{NetzerEA2009,
author = {Yael Netzer and David Gabay and Yoav Goldberg and Michael Elhadad},
title = {Gaiku : Generating Haiku with Word Associations Norms},
booktitle = {Proceedings of the NAACL HLT Workshop on Computational Approaches to Linguistic Creativity},
pages = {32-39},
year = {2009},
}
@InCollection{NewellEA1976,
author = {Allen Newell and Herbert A. Simon},
title = {Computer Science as Empirical Enquiry: Symbols and Search},
booktitle = {The Philosophy of Artificial Intelligence},
pages = {105-132},
publisher = {Oxford University Press},
year = {1976},
editor = {Margaret A. Boden},
}
@Book{Noe2004,
author = {Alva No{\"e}},
title = {Action in Perception},
publisher = {The MIT Press},
year = {2004},
address = {Cambridge, MA},
}
@InProceedings{Nubiola1996,
author = {Jaime Nubiola},
title = {Scholarship on the Relations Between Ludwig Wittgenstein and Charles S. Peirce},
booktitle = {Proceedings of the III Symposium on History of Logic, Gruyter},
OPTcrossref = {â¢},
OPTkey = {â¢},
OPTpages = {â¢},
year = {1996},
OPTeditor = {â¢},
OPTvolume = {â¢},
OPTnumber = {â¢},
OPTseries = {â¢},
OPTaddress = {â¢},
OPTmonth = {â¢},
OPTorganization = {â¢},
OPTpublisher = {â¢},
OPTnote = {â¢},
OPTannote = {â¢}
}
@InProceedings{Oliveira2012,
author = {Hugo Gon\c{c}alo Oliveira},
title = {Poe{T}ry{M}e: A Versatile Platform for Poetry Generation},
booktitle = {Proceedings of the ECAI 2012 Workshop on Computational Creativity, Concept Invention, and General Intelligence},
year = {2012},
}
@InBook{OliveiraEA2014,
author = {Hugo Gon\c{c}alo Oliveira and Am\'{i}lcar Cardoso},
ALTeditor = {â¢},
title = {Computational Creativity Research: Towards Creative Machines},
chapter = {Poetry Generation with PoeTryMe},
publisher = {Springer},
year = {2014},
OPTkey = {â¢},
OPTvolume = {â¢},
OPTnumber = {â¢},
OPTseries = {â¢},
OPTtype = {â¢},
OPTaddress = {â¢},
OPTedition = {â¢},
OPTmonth = {â¢},
OPTpages = {â¢},
OPTnote = {â¢},
OPTannote = {â¢}
}
@Article{OReganEA2001,
author = {J. Kevin O'Regan and Alva No{\"e}},
title = {A Sensorimotor Account of Vision and Visual Consciousness},
journal = {Behavioral and Brain Sciences},
year = {2001},
OPTkey = {â¢},
volume = {24},
OPTnumber = {â¢},
pages = {939-1031},
OPTmonth = {â¢},
OPTnote = {â¢},
OPTannote = {â¢}
}
@Article{Ortony1975,
author = {Andrew Ortony},
title = {Why Metaphors Are Necessary and Not Just Nice},
journal = {Educational Theory},
year = {1975},
volume = {25},
number = {1},
pages = {45-53},
}
@Book{Ortony1993,
ALTauthor = {â¢},
editor = {Andrew Ortony},
title = {Metaphor and Thought},
publisher = {Cambridge University Press},
year = {1993},
OPTkey = {â¢},
OPTvolume = {â¢},
OPTnumber = {â¢},
OPTseries = {â¢},
OPTaddress = {â¢},
edition = {2nd},
OPTmonth = {â¢},
OPTnote = {â¢},
OPTannote = {â¢}
}
@Book{OsgoodEA1957,
author = {Charles E. Osgood and George Suci and Percy Tannenbaum},
ALTeditor = {â¢},
title = {The Measurement of Meaning},
publisher = {University of Illinois Press},
year = {1957},
OPTkey = {â¢},
OPTvolume = {â¢},
OPTnumber = {â¢},
OPTseries = {â¢},
address = {Bloomington},
OPTedition = {â¢},
OPTmonth = {â¢},
OPTnote = {â¢},
OPTannote = {â¢}
}
@Article{PadoEA2007,
author = {Sebastian Pad\'{o} and Mirella Lapata},
title = {Dependency-Based Construction of Semantic Space Models},
journal = {Computational Linguistics},
year = {2007},
volume = {33},
number = {2},
pages = {161-199},
}
@inproceedings{Pantel2005,
author = {Pantel, Patrick},
title = {Inducing Ontological Co-occurrence Vectors},
booktitle = {Proceedings of the 43rd Annual Meeting on Association for Computational Linguistics},
year = {2005},
location = {Ann Arbor, Michigan},
pages = {125--132},
publisher = {Association for Computational Linguistics},
address = {Stroudsburg, PA, USA},
}
@InProceedings{Partee1982,
author = {Barbara Partee},
title = {Compositionality},
booktitle = {Proceedings of the Fourth Amsterdam Colloquium},
OPTcrossref = {â¢},
OPTkey = {â¢},
OPTpages = {â¢},
year = {1982},
OPTeditor = {â¢},
OPTvolume = {â¢},
OPTnumber = {â¢},
OPTseries = {â¢},
OPTaddress = {â¢},
OPTmonth = {â¢},
OPTorganization = {â¢},
OPTpublisher = {â¢},
OPTnote = {â¢},
OPTannote = {â¢}
}
@Article{Pattee2001,
author = {Howard H. Pattee},
title = {The Physics of Symbols: Bridging the Epistemic Cut},
journal = {Biosystems},
year = {2001},
pages = {5-21},
}
@Article{Pattee2008,
author = {H. H. Pattee},
title = {Physical and Functional Conditions for Symbols, Codes, and Languages},
journal = {Biosemiotics},
year = {2008},
volume = {1},
number = {2},
pages = {147-168},
}
@InProceedings{PeaseEA2001,
author = {Alison Pease and Daniel Winterstein and Simon Colton},
title = {Evaluating Machine Creativity},
booktitle = {Proceedings of ICCBR-2001},
year = {2001},
}
@InProceedings{PeaseEA2011,
author = {Alison Pease and Simon Colton},
title = {On impact and evaluation in Computational Creativity: A discussion of the Turing Test and an alternative proposal},
booktitle = {Proceedings of the AISB symposium on AI and Philosophy},
year = {2011},
}
@InProceedings{PeaseEA2011b,
author = {Alison Pease and Simon Colton},
title = {Computaional Creativity Theory: Inspirations behind the {FACE} and {IDEA} models},
booktitle = {Proceedings of the International Conference on Computational Creativity},
OPTcrossref = {â¢},
OPTkey = {â¢},
OPTpages = {â¢},
year = {2011},
OPTeditor = {â¢},
OPTvolume = {â¢},
OPTnumber = {â¢},
OPTseries = {â¢},
OPTaddress = {â¢},
OPTmonth = {â¢},
OPTorganization = {â¢},
OPTpublisher = {â¢},
OPTnote = {â¢},
OPTannote = {â¢}
}
@Book{Peirce1932,
author = {Charles Sanders Peirce},
title = {Collected Papers of Charles Sanders Peirce},
publisher = {Harvard University Press},
year = {1932},
note = {edited by Charles Hartshorne and Paul Weiss},
}
@Book{Peirce1991,
author = {Charles Sanders Peirce},
ALTeditor = {â¢},
title = {Peirce on Signs},
publisher = {The University of North Carolina Press},
year = {1991},
OPTkey = {â¢},
OPTvolume = {â¢},
OPTnumber = {â¢},
OPTseries = {â¢},
address = {Chapel Hill, NC},
OPTedition = {â¢},
OPTmonth = {â¢},
OPTnote = {â¢},
OPTannote = {â¢}
}
@InProceedings{PenningtonEA2014,
author = {Jeffrey Pennington and Richard Socher and Christopher D. Manning},
title = {GloVe: Global Vectors for Word Representation},
booktitle = {Conference on Empirical Methods in Natural Language Processing},
OPTcrossref = {â¢},
OPTkey = {â¢},
OPTpages = {â¢},
year = {2014},
OPTeditor = {â¢},
OPTvolume = {â¢},
OPTnumber = {â¢},
OPTseries = {â¢},
OPTaddress = {â¢},
OPTmonth = {â¢},
OPTorganization = {â¢},
OPTpublisher = {â¢},
OPTnote = {â¢},
OPTannote = {â¢}
}
@Book{Pierce1980,
author = {John R. Pierce},
title = {An Introduction to Information Theory},
publisher = {Dover},
year = {1980},
address = {New York},
edition = {2nd},
}
@article{Pietarinen2004,
author = {Ahti-Veikko Pietarinen},
title = {Grice in the Wake of Peirce},
journal = {Pragmatics \& Cognition},
volume = {12},
number = {2},
pages = {295--315},
year = {2004},
}
@Book{Pinker1994,
author = {Steven Pinker},
ALTeditor = {â¢},
title = {The Language Instinct: How the Mind Creates Language},
publisher = {William Morrow},
year = {1994},
OPTkey = {â¢},
OPTvolume = {â¢},
OPTnumber = {â¢},
OPTseries = {â¢},
OPTaddress = {â¢},
OPTedition = {â¢},
OPTmonth = {â¢},
OPTnote = {â¢},
OPTannote = {â¢}
}
@Book{Plato1892,
author = {Plato},
title = {The Republic},
publisher = {Oxford University Press},
year = {1892},
}
@Article{Poe1846,
author = {Egar Allan Poe},
title = {The Philosophy of Composition},
journal = {Graham's Magazine},
year = {1846},
volume = {28},
number = {24},
}
@inproceedings{PolajnarEA2014,
author = {Tamara Polajnar and Stephen Clark},
title = {Improving Distributional Semantic Vectors through Context Selection and Normalisation},
booktitle = {Proceedings of the 14th Conference of the European Chapter of the Association for Computational Linguistics},
pages = {230--238},
year = {2014},
url = {http://aclweb.org/anthology/E/E14/E14-1025.pdf},
}
@book{PrestonEA2002,
title={Views Into the Chinese Room: New Essays on Searle and Artificial Intelligence},
author={Preston, J. and Bishop, M.},
year={2002},
publisher={Clarendon Press}
}
@inproceedings{PustejovskyEA2010,
author = {Pustejovsky, James and Rumshisky, Anna and Plotnick, Alex and Jezek, Elisabetta and Batiukova, Olga and Quochi, Valeria},
title = {SemEval-2010 Task 7: Argument Selection and Coercion},
booktitle = {Proceedings of the 5th International Workshop on Semantic Evaluation},
year = {2010},
pages = {27--32},
url = {http://dl.acm.org/citation.cfm?id=1859664.1859669},
}
@InCollection{Putnam1960,
author = {Hilary Putnam},
title = {Minds and Machines},
booktitle = {Dimensions of Mind},
OPTcrossref = {â¢},
OPTkey = {â¢},
pages = {148-180},
publisher = {New York University Press},
year = {1960},
editor = {Sidney Hook},
OPTvolume = {â¢},
OPTnumber = {â¢},
OPTseries = {â¢},
OPTtype = {â¢},
OPTchapter = {â¢},
OPTaddress = {â¢},
OPTedition = {â¢},
OPTmonth = {â¢},
OPTnote = {â¢},
OPTannote = {â¢}
}
@Article{Putnam1973,
author = {Hilary Putnam},
title = {Meaning and Reference},
journal = {Journal of Philosophy},
year = {1973},
OPTkey = {â¢},
volume = {70},
number = {19},
pages = {699-711},
OPTmonth = {â¢},
OPTnote = {â¢},
OPTannote = {â¢}
}
@InCollection{Putnam1975,
author = {Hilary Putnam},
title = {The Meaning of ``Meaning''},
year = {1975},
booktitle = {Language, Mind, and Knowledge},
editor = {Kieth Gunderson},
publisher = {University of Minnesota Press},
url = {http://mcps.umn.edu/assets/pdf/7.3\_Putnam.pdf},
pages = {131--193},
}
@InCollection{Putnam1975ALT,
author = {Hilary Putnam},
title = {The Meaning of ``Meaning''},
booktitle = {The Twin Earth Chronicles: Twenty Years of Reflections on Hilary Putnam's ``The Meaning of `Meaning'''},
pages = {3-52},
publisher = {M.E. Sharpe},
year = {1975/1996},
editor = {Andrew Pessin and Sanford Goldberg},
address = {Armonk, NY},
}
@Book{Putnam1988,
author = {Hilary Putnam},
title = {Representations and Reality},
publisher = {MIT Press},
year = {1988},
}
@InCollection{Queneau1998,
author = {Raymond Queneau},
title = {100,000,000,000,000 Poems},
booktitle = {Oulipo Compendium},
publisher = {Atlas Press},
year = {1998},
editor = {Harry Mathews and Alastair Brotchie},
address = {London},
note = {trans. Stanley Chapman},
}
@Book{Quine1987,
author = {W. V. Quine},
title = {Quiddities: An Intermittently Philosophical Dictionary},
publisher = {The Belknap Press of Harvard University Press},
year = {1987},
address = {Cambridge, MA},
}
@InCollection{RaczaszekLeonardi2012,
author = {Joanna R\k{a}czaszek-Leonardi},
title = {Language as a System of Replicable Constraints},
booktitle = {Laws, Lanuage and Life},
OPTcrossref = {â¢},
OPTkey = {â¢},
pages = {295-333},
publisher = {Springer},
year = {2012},
editor = {Howar Hunt Pattee and Joanna R\k{a}czaszek-Leonardi},
OPTvolume = {â¢},
OPTnumber = {â¢},
OPTseries = {â¢},
OPTtype = {â¢},
OPTchapter = {â¢},
OPTaddress = {â¢},
OPTedition = {â¢},
OPTmonth = {â¢},
OPTnote = {â¢},
OPTannote = {â¢}
}
@inproceedings{RadinskyEA2011,
author = {Radinsky, Kira and Agichtein, Eugene and Gabrilovich, Evgeniy and Markovitch, Shaul},
title = {A Word at a Time: Computing Word Relatedness Using Temporal Semantic Analysis},
booktitle = {Proceedings of the 20th International Conference on World Wide Web},
year = {2011},
isbn = {978-1-4503-0632-4},
pages = {337--346},
url = {http://doi.acm.org/10.1145/1963405.1963455},
doi = {10.1145/1963405.1963455},
} 
@InProceedings{RashelEA2014,
author = {Fam Rashel and Ruli Manurung},
title = {Permuisi: A Constraint Satisfaction-Based Generator of Topical Indonesian Poetry},
booktitle = {Proceedings of the Fifth International Conference on Computational Creativity},
OPTcrossref = {â¢},
OPTkey = {â¢},
OPTpages = {â¢},
year = {2014},
OPTeditor = {â¢},
OPTvolume = {â¢},
OPTnumber = {â¢},
OPTseries = {â¢},
OPTaddress = {â¢},
OPTmonth = {â¢},
OPTorganization = {â¢},
OPTpublisher = {â¢},
OPTnote = {â¢},
OPTannote = {â¢}
}
@InProceedings{RecskiEA2016,
author = {Recski, G\'{a}bor and Ikl\'{o}di, Eszter and Pajkossy, Katalin and Kornai, Andras},
title = {Measuring Semantic Similarity of Words Using Concept Networks},
booktitle = {Proceedings of the 1st Workshop on Representation Learning for NLP},
year = {2016},
address = {Berlin, Germany},
pages = {193--200}
}
@Article{Reimer2001,
author = {Marga Reimer},
title = {Davidson on Metaphor},
journal = {Midwest Studies in Philosophy},
year = {2001},
volume = {25},
pages = {142-155},
}
@inproceedings{ReisingerEA2010,
author = {Reisinger, Joseph and Mooney, Raymond J.},
title = {Multi-prototype Vector-space Models of Word Meaning},
booktitle = {Human Language Technologies: The 2010 Annual Conference of the North American Chapter of the Association for Computational Linguistics},
series = {HLT '10},
year = {2010},
pages = {109--117},
url = {http://dl.acm.org/citation.cfm?id=1857999.1858012},
}
@InProceedings{Rimell2014,
author = {Laura Rimell},
title = {Distributional Lexical Entailment by Topic Coherence},
booktitle = {Proceedings of the 14th Conference of the European Chapter of the Association for Computational Linguistics},
OPTcrossref = {â¢},
OPTkey = {â¢},
OPTpages = {â¢},
year = {2014},
OPTeditor = {â¢},
OPTvolume = {â¢},
OPTnumber = {â¢},
OPTseries = {â¢},
address = {Gothenburg},
OPTmonth = {â¢},
OPTorganization = {â¢},
OPTpublisher = {â¢},
OPTnote = {â¢},
OPTannote = {â¢}
}
@InProceedings{Ritchie2001,
author = {Graeme Ritchie},
title = {Assessing Creativity},
booktitle = {Proceedings of the AISB Symposium on AI and Creativity in Arts and Science},
year = {2001},
address = {York},
}
@Article{Ritchie2007,
author = {Graeme Ritchie},
title = {Some empirical criteria for attributing creativity to a computer program},
journal = {Minds and Machines},
year = {2007},
volume = {17},
number = {1},
pages = {67-99},
}
@InProceedings{Ritchie2012,
author = {Graeme Ritchie},
title = {A Closer Look at Creativity as Search},
booktitle = {Proceedings of the 2012 International Conference on Computational Creativity},
OPTcrossref = {â¢},
OPTkey = {â¢},
OPTpages = {â¢},
year = {2012},
OPTeditor = {â¢},
OPTvolume = {â¢},
OPTnumber = {â¢},
OPTseries = {â¢},
OPTaddress = {â¢},
OPTmonth = {â¢},
OPTorganization = {â¢},
OPTpublisher = {â¢},
OPTnote = {â¢},
OPTannote = {â¢}
}
@InCollection{RL2012,
author = {Joanna R\c{a}czaszek-Leonardi},
title = {Language as a system of replicable constraint},
booktitle = {Laws, Language and Life: Howard Pattee's classic papers on the physics of symbols},
publisher = {Springer},
year = {2012},
editor = {Howard Pattee and Joanna Raczasek-Leonardi},
}
@Article{RLEA2015,
author = {Joanna R\c{a}czaszek-Leonardi and Iris Nomikou},
title = {Beyond mechanistic interaction: value-based constraints on meaning in language},
journal = {Frontiers in Psychology},
year = {2015},
OPTkey = {â¢},
volume = {6},
OPTnumber = {â¢},
pages = {1-13},
month = {October},
OPTnote = {â¢},
OPTannote = {â¢}
}
@inproceedings{RobertsEA2010,
author = {Kirk Roberts and Sanda M. Harabagiu},
title = {UTDMet: Combining WordNet and Corpus Data for Argument Coercion Detection},
booktitle = {Proceedings of the 5th International Workshop on Semantic Evaluation},
pages = {252--255},
year = {2010},
url = {http://aclweb.org/anthology/S/S10/S10-1056.pdf},
}
@inproceedings{RobertsEA2011,
author = {Roberts, Kirk and Harabagiu, Sanda M.},
title = {Unsupervised Learning of Selectional Restrictions and Detection of Argument Coercions},
booktitle = {Proceedings of the Conference on Empirical Methods in Natural Language Processing},
series = {EMNLP '11},
year = {2011},
location = {Edinburgh, United Kingdom},
pages = {980--990},
url = {http://dl.acm.org/citation.cfm?id=2145432.2145539},
} 
@book{Rorty1979,
author = {Richard Rorty},
title = {Philosophy and the Mirror of Nature},
publisher = {Princeton University Press},
year = {1979},
}
@Article{Rorty1987,
author = {Richard Rorty},
title = {Unfamiliar Noises: Hesse and Davidson on Metaphor},
journal = {Proceedings of the Aristotelian Society},
year = {1987},
OPTkey = {â¢},
volume = {61},
OPTnumber = {â¢},
pages = {283-296},
OPTmonth = {â¢},
OPTnote = {â¢},
OPTannote = {â¢}
}
@Book{Rowlands2010,
author = {Mark Rowlands},
title = {The New Science of the Mind},
publisher = {The MIT Press},
year = {2010},
address = {Cambridge, MA},
}
@Article{RumelhartEA1986,
author = {David E Rumelhart and Geoffrey E Hintont and Ronald J Williams},
title = {Learning Representations by Backpropagating Errors},
journal = {Nature},
year = {1986},
OPTkey = {â¢},
volume = {323},
number = {6088},
pages = {533-536},
OPTmonth = {â¢},
OPTnote = {â¢},
OPTannote = {â¢}
}
@Article{Russell1905,
author = {Bertrand Russell},
title = {On Denoting},
journal = {Mind},
year = {1905},
volume = {14},
number = {56},
pages = {479-493},
}
@book{Russell1931,
author = {Bertrand Russell},
title = {The Scientific Outlook},
year = {1931},
publisher = {George Allen and Unwin},
address = {London},
},
@Book{RussellEA2009,
author = {Stuart Russell and Peter Norvig},
title = {Artificial Intelligence: A Modern Approach},
publisher = {Prentice Hall},
year = {2009},
address = {Englewood Cliffs, NJ},
}
@article{Sahlgren2008,
author = {Sahlgren, Magnus},
journal = {Italian Journal of Linguistics},
volume = {20},
number = {1},
pages = {33--54},
title = {The Distributional Hypothesis},
volume = {20},
year = {2008}
}
@InProceedings{SaltonEA1975,
author = {G. Salton and A. Wong and C. S. Yang},
title = {A Vector Space Model for Automatic Indexing},
booktitle = {Proceedings of the 12th ACM SIGIR Conference},
pages = {137-150},
year = {1975},
}
@Book{SaltonEA1983,
author = {Gerard Salton and Michael J. McGill},
ALTeditor = {â¢},
title = {Introduction to Modern Information Retrieval},
publisher = {McGraw-Hill Book Company},
year = {1983},
OPTkey = {â¢},
OPTvolume = {â¢},
OPTnumber = {â¢},
OPTseries = {â¢},
address = {New York, NY},
OPTedition = {â¢},
OPTmonth = {â¢},
OPTnote = {â¢},
OPTannote = {â¢}
}
@InProceedings{SantusEA2014,
author = {Enrico Santus and Alessandro Lenci and Qin Lu and Sabine Schulte im Walde},
title = {Chasing Hypernyms in Vector Spaces with Entropy},
booktitle = {Proceedings of the 14th Conference of the European Chapter of the Association for Computational Linguistics},
OPTcrossref = {â¢},
OPTkey = {â¢},
OPTpages = {38-42},
OPTyear = {2014},
OPTeditor = {â¢},
OPTvolume = {â¢},
OPTnumber = {â¢},
OPTseries = {â¢},
OPTaddress = {â¢},
OPTmonth = {â¢},
OPTorganization = {â¢},
OPTpublisher = {â¢},
OPTnote = {â¢},
OPTannote = {â¢}
}
@Book{Saussure1959,
author = {Ferdinand de Saussure},
title = {Course in General Linguistics},
publisher = {The Philosophical Library},
year = {1959},
address = {New York},
note = {edited by Charles Bally and Albert Sechehaye, trans Wade Baskin},
}
@Article{Schmidhuber2009,
author = {J\"{u}rgen Schmidhuber},
title = {Simple Algorithmic Theory of Subjective Beauty, Novelty, Surprise, Interestingness, Attention, Curiosity, Creativity, Art, Science, Music, Jokes},
journal = {Journal of SICE},
year = {2009},
OPTkey = {â¢},
volume = {48},
number = {1},
pages = {21-32},
OPTmonth = {â¢},
OPTnote = {â¢},
OPTannote = {â¢}
}
@InProceedings{Schutze1992,
author = {Hinrich Sch\"{u}tze},
title = {Dimensions of Meaning},
booktitle = {Proceedings of the 1992 ACM/IEEE conference on Supercomputing },
OPTcrossref = {â¢},
OPTkey = {â¢},
pages = {787-796},
year = {1992},
OPTeditor = {â¢},
OPTvolume = {â¢},
OPTnumber = {â¢},
OPTseries = {â¢},
OPTaddress = {â¢},
OPTmonth = {â¢},
OPTorganization = {â¢},
OPTpublisher = {â¢},
OPTnote = {â¢},
OPTannote = {â¢}
}
@inproceedings{Schutze1992b,
author = {Hinrich Sch\"{u}tze},
title = {Context Space},
booktitle = {Working Notes of the AAAI Fall Symposium on Probabilistic Approaches to Natural Language},
year = {1992},
editor = {Robert Goldman and Peter Norvig and Eugene Charniak and Bill Gale},
pages = {113-120},
}
@Article{Schutze1998,
author = {Hinrich Sch\"{u}tze},
title = {Automatic Word Sense Discrimination},
journal = {Computational Linguistics},
year = {1998},
volume = {24},
number = {1},
pages = {97-123},
}
@inproceedings{SchwartzEA2015,
author = {Roy Schwartz and Roi Reichart and Ari Rappoport},
title = {Symmetric Pattern Based Word Embeddings for Improved Word Similarity Prediction},
booktitle = {Proceedings of the 19th Conference on Computational Natural Language Learning},
pages = {258--267},
year = {2015},
url = {http://aclweb.org/anthology/K/K15/K15-1026.pdf},
}
@InCollection{Searle1979,
author = {John R. Searle},
title = {Metaphor},
booktitle = {Metaphor and Thought},
OPTcrossref = {â¢},
OPTkey = {â¢},
OPTpages = {â¢},
publisher = {Cambridge University Press},
year = {1979},
editor = {Andrew Ortony},
OPTvolume = {â¢},
OPTnumber = {â¢},
OPTseries = {â¢},
OPTtype = {â¢},
OPTchapter = {â¢},
OPTaddress = {â¢},
OPTedition = {â¢},
OPTmonth = {â¢},
OPTnote = {â¢},
OPTannote = {â¢}
}
@InCollection{Searle1980,
author = {John R. Searle},
title = {Minds, Brains, and Programs},
booktitle = {The Philosophy of Artificial Intelligence},
pages = {67-88},
publisher = {Oxford University Press},
year = {1980},
editor = {Margaret A. Boden},
}
@Article{Searle1983,
author = {John R. Searle},
title = {The Word Turned Upside Down},
journal = {The New York Review of Books},
year = {1983},
note = {October 27, 1983},
}
@Book{Searle1983b,
author = {John R. Searle},
title = {Intentionality: An Essay in the Philosophy of Mind},
publisher = {Cambridge University Press},
year = {1983},
}
@TechReport{SerreEA2005,
author = {Thomas Serre and Minjoon Kouh and Charles Cadieu and Ulf Knoblich and Gabriel Kreiman and Tomaso Poggio},
title = {A Theory of Object Recognition: Computations and Circuits in the Feedforward Path of the Ventral Stream in Primate Visual Cortex},
institution = {MIT Computer Science and Artificial Intelligence Laboratory},
year = {2005},
}
@Book{ShannonEA1949,
author = {Claude E. Shannon and Warren Weaver},
title = {The Mathematical Theory of Communication},
publisher = {University of Illinois Press},
year = {1949},
address = {Urbana, IL},
}
@Book{Shapiro2004,
author = {Lawrence Shapiro},
ALTeditor = {â¢},
title = {The Mind Incarnate},
publisher = {The MIT Press},
year = {2004},
OPTkey = {â¢},
OPTvolume = {â¢},
OPTnumber = {â¢},
OPTseries = {â¢},
address = {Cambridge, MA},
OPTedition = {â¢},
OPTmonth = {â¢},
OPTnote = {â¢},
OPTannote = {â¢}
}
@InProceedings{Shutova2010,
author = {Ekaterina Shutova},
title = {Models of Metaphor in NLP},
booktitle = {Proceedings of the 48th Annual Meeting of the Association for Computational Linguistics},
pages = {688--697},
year = {2010},
}
@InProceedings{Shutova2013,
author = {Ekaterina Shutova},
title = {Metaphor Identification as Interpretation},
booktitle = {Proceedings of *SEM 2013},
OPTcrossref = {â¢},
OPTkey = {â¢},
OPTpages = {â¢},
year = {2013},
OPTeditor = {â¢},
OPTvolume = {â¢},
OPTnumber = {â¢},
OPTseries = {â¢},
OPTaddress = {â¢},
OPTmonth = {â¢},
OPTorganization = {â¢},
OPTpublisher = {â¢},
OPTnote = {â¢},
OPTannote = {â¢}
}
@Article{Shutova2015,
author = {Ekaterina Shutova},
title = {Design and Evaluation of Metaphor Processing Systems},
journal = {Computational Linguistics},
year = {2015},
OPTkey = {â¢},
volume = {41},
number = {4},
pages = {579--623},
OPTmonth = {â¢},
OPTnote = {â¢},
OPTannote = {â¢}
}
@Article{ShutovaEA2013,
author = {Ekaterina Shutova and Simone Teufel and Anna Korhonen},
title = {Statistical Metaphor Processing},
journal = {Computational Linguistics},
year = {2012},
OPTkey = {â¢},
volume = {39},
number = {2},
pages = {301-353},
OPTmonth = {â¢},
OPTnote = {â¢},
OPTannote = {â¢}
}
@Book{Sipser2006,
author = {Michael Sipser},
title = {Introduction to the Theory of Computation},
publisher = {Thomson},
year = {2006},
address = {Boston},
edition = {2nd},
}
@Book{Skinner1957,
author = {B. F. Skinner},
ALTeditor = {â¢},
title = {Verbal Behavior},
publisher = {Copley Publishing Group},
year = {1957},
OPTkey = {â¢},
OPTvolume = {â¢},
OPTnumber = {â¢},
OPTseries = {â¢},
address = {Acton, MA},
OPTedition = {â¢},
OPTmonth = {â¢},
OPTnote = {â¢},
OPTannote = {â¢}
}
@Book{Sloman1978,
author = {Aaron Sloman},
title = {The Computer Revolution in Philosophy: Philosophy Science and Models of Mind},
publisher = {The Harvester Press},
year = {1978},
}
@Article{SmithEA2003,
author = {Kenny Smith and Henry Brighton and Simon Kirby},
title = {Complex Systems in Language Evolution: The Cultural Emergence of Compositional Structure},
journal = {Advances in Complex Systems},
year = {2003},
OPTkey = {â¢},
volume = {6},
number = {4},
pages = {537-558},
OPTmonth = {â¢},
OPTnote = {â¢},
OPTannote = {â¢}
}
@article{SmithEA2003,
author = {Kenny Smith and Henry Brighton and Simon Kirby},
title = {COMPLEX SYSTEMS IN LANGUAGE EVOLUTION: THE CULTURAL EMERGENCE OF COMPOSITIONAL STRUCTURE},
journal = {Advances in Complex Systems},
volume = {06},
number = {04},
pages = {537-558},
year = {2003},
}
@InProceedings{SnowEA2006,
author = {Rion Snow and Daniel Jurafsky and Andrew Y. Ng},
title = {Semantic Taxonomy Induction from Heterogenous Evidence},
booktitle = {Proceedings of the 21st International Conference on Computational Linguistics and the 44th annual meeting of the Association for Computational Linguistics},
OPTcrossref = {â¢},
OPTkey = {â¢},
OPTpages = {801-808},
year = {2006},
OPTeditor = {â¢},
OPTvolume = {â¢},
OPTnumber = {â¢},
OPTseries = {â¢},
OPTaddress = {â¢},
OPTmonth = {â¢},
OPTorganization = {â¢},
OPTpublisher = {â¢},
OPTnote = {â¢},
OPTannote = {â¢}
}
@inproceedings{SocherEA2012,
 author = {Socher, Richard and Huval, Brody and Manning, Christopher D. and Ng, Andrew Y.},
 title = {Semantic Compositionality Through Recursive Matrix-vector Spaces},
 booktitle = {Proceedings of the 2012 Joint Conference on Empirical Methods in Natural Language Processing and Computational Natural Language Learning},
 series = {EMNLP-CoNLL '12},
 year = {2012},
 location = {Jeju Island, Korea},
 pages = {1201--1211},
 numpages = {11},
 url = {http://dl.acm.org/citation.cfm?id=2390948.2391084},
 acmid = {2391084},
 publisher = {Association for Computational Linguistics},
 address = {Stroudsburg, PA, USA},
}
@Article{SocherEA2013,
author = {Richard Socher and Danqi Chen and Christopher D. Manning and Andrew Y. Ng},
title = {Reasoning with Neural Tensor Networks for Knowledge Base Completion},
journal = {Advances in Neural Information Processing Systems},
year = {2013},
OPTkey = {â¢},
volume = {26},
OPTnumber = {â¢},
OPTpages = {â¢},
OPTmonth = {â¢},
OPTnote = {â¢},
OPTannote = {â¢}
}
@inproceedings{SpeerEA2017,
author = {Robert Speer and Joshua Chin and Catherine Havasi},
title = {ConceptNet 5.5: An Open Multilingual Graph of General Knowledge},
booktitle = {Proceedings of the Thirty-First {AAAI} Conference on Artificial Intelligence},
pages = {4444--4451},
year = {2017},
url = {http://aaai.org/ocs/index.php/AAAI/AAAI17/paper/ view/14972},
}
@Book{SperberEA1995,
author = {Dan Sperber and Deirdre Wilson},
ALTeditor = {â¢},
title = {Relevance: Communication and Cognition},
publisher = {Blackwell},
year = {1995},
OPTkey = {â¢},
OPTvolume = {â¢},
OPTnumber = {â¢},
OPTseries = {â¢},
OPTaddress = {â¢},
edition = {2nd},
OPTmonth = {â¢},
OPTnote = {â¢},
OPTannote = {â¢}
}
@Book{Steen2010,
author = {Gerard J. Steen and Aletta G. Dorst and J. Berenike Herrmann and Anna Kaal and Tina Krennmayr and Trijntje Pasma},
ALTeditor = {â¢},
title = {A Method for Linguistic Metaphor Identification},
publisher = {John Benjamins Publishing Company},
year = {2010},
OPTkey = {â¢},
OPTvolume = {â¢},
OPTnumber = {â¢},
OPTseries = {â¢},
address = {Amsterdam},
OPTedition = {â¢},
OPTmonth = {â¢},
OPTnote = {â¢},
OPTannote = {â¢}
}
@book{Sweetser1990,
author = {Eve Sweetser},
title = {From Etymology to Pragmatics: Metaphor and Cultural Aspects of Semantic Structure},
publisher = {Cambridge University Press},
year = {1990},
}
@Book{Tarski1983,
author = {Alfred Tarski},
ALTeditor = {â¢},
title = {Logic, Semantics, Metamathematics: Papers from 1923 to 1938},
publisher = {Hackett},
year = {1983},
OPTkey = {â¢},
OPTvolume = {â¢},
OPTnumber = {â¢},
OPTseries = {â¢},
address = {Indianapolis, IN},
edition = {2nd},
OPTmonth = {â¢},
note = {Translated by J. H. Woodger},
OPTannote = {â¢}
}
@InProceedings{ThomasEA1999,
author = {Michael S. C. Thomas and Denis Mareschal},
title = {Metaphor as Categorisation: A Connectionist Implementation},
booktitle = {Proceedings of the AISB '99 Symposium on Metaphor, Artificial Intelligence, and Cognition},
year = {1999},
address = {University of Edinburgh},
}
@Book{Thompson2007,
author = {Evan Thompson},
title = {Mind in Life},
publisher = {Harvard University Press},
year = {2007},
address = {Cambridge, MA},
}
@InProceedings{ToivanenEA2012,
author = {Jukka Toivanen and Hannu Toivonen and Alessandro Valitutti and Oskar Gross},
title = {Corpus-Based Generation of Content and Form in Poetry},
booktitle = {Proceedings of the Third International Conference on Computational Creativity},
pages = {175-179},
year = {2012},
}
@Article{Tononi2008,
author = {Giulio Tononi},
title = {Consciousness as Integrated Information: A Provisional Manifesto},
journal = {Biological Bulletin},
year = {2008},
OPTkey = {â¢},
OPTvolume = {â¢},
number = {215},
OPTpages = {216-242},
OPTmonth = {â¢},
OPTnote = {â¢},
OPTannote = {â¢}
}
@inproceedings{TsvetkovEA2014,
author = {Yulia Tsvetkov and Leonid Boytsov and Anatole Gershman and Eric Nyberg and Chris Dyer},
title = {Metaphor Detection with Cross-Lingual Model Transfer},
booktitle = {Proceedings of the 52nd Annual Meeting of the Association for Computational Linguistics},
pages = {248--258},
publisher = {The Association for Computer Linguistics},
year = {2014}
}
@InProceedings{Turing1937,
author = {A. M. Turing},
title = {On Computable Numbers, with an Application to the Entscheidungsproblem},
booktitle = {Proceedings of the London Mathematical Society},
OPTcrossref = {â¢},
OPTkey = {â¢},
OPTpages = {â¢},
year = {1937},
OPTeditor = {â¢},
volume = {43},
OPTnumber = {â¢},
OPTseries = {â¢},
OPTaddress = {â¢},
OPTmonth = {â¢},
OPTorganization = {â¢},
OPTpublisher = {â¢},
OPTnote = {â¢},
OPTannote = {â¢}
}
@article{Turney2012,
author = {Turney, Peter D.},
journal = {Journal of Artificial Intelligence Research},
pages = {533-585},
title = {Domain and Function: A Dual-Space Model of Semantic Relations and Compositions},
url = {http://dblp.uni-trier.de/db/journals/jair/jair44.html\#Turney12},
volume = 44,
year = 2012
}
@Article{TurneyEA2010,
author = {Peter D. Turney and Patrick Patel},
title = {From Frequency to Meaning: Vector Space Models of Semantics},
journal = {Journal of Artificial Intelligence Research},
year = {2010},
OPTkey = {â¢},
volume = {37},
OPTnumber = {â¢},
pages = {141--188},
OPTmonth = {â¢},
OPTnote = {â¢},
OPTannote = {â¢}
}
@InProceedings{TurneyEA2011,
author = {Peter D. Turney and Yair Neuman and Dan Assaf and Yohai Cohen},
title = {Literal and Metaphorical Sense Identification through Concrete and Abstract Context},
booktitle = {Proceedings of the 2011 Conference on Empirical Methods in Natural Language Processing},
pages = {680--690},
year = {2011},
}
@Book{Tye2009,
author = {Michael Tye},
ALTeditor = {â¢},
title = {Consciousness Revisited: Materialism without Phenomenal Concepts},
publisher = {The MIT Press},
year = {2009},
OPTkey = {â¢},
OPTvolume = {â¢},
OPTnumber = {â¢},
OPTseries = {â¢},
address = {Cambridge, MA},
OPTedition = {â¢},
OPTmonth = {â¢},
OPTnote = {â¢},
OPTannote = {â¢}
}
@Book{USCopyright2014,
author = {U.S. Copyright Office},
ALTeditor = {â¢},
title = {The Compendium of U.S. Copyright Office Practices},
publisher = {U.S. Copyright Office},
year = {2014},
OPTkey = {â¢},
OPTvolume = {â¢},
OPTnumber = {â¢},
OPTseries = {â¢},
OPTaddress = {â¢},
OPTedition = {â¢},
OPTmonth = {â¢},
OPTnote = {â¢},
OPTannote = {â¢}
}
@Book{Vaidhyanathan2001,
author = {Siva Vaidhyanathan},
title = {Copyrights and Copywrongs: The Rise of Intellectual Property and How It Threatens Creativity},
publisher = {New York University Press},
year = {2001},
}
@InProceedings{vanGenabith1999,
author = {Josef van Genabith},
title = {Metaphors and Type Theory},
booktitle = {Proceedings of the AISB'99 Symposium on Metaphor, Artificial Intelligence, and Cognition},
OPTcrossref = {â¢},
OPTkey = {â¢},
pages = {108-112},
year = {1999},
OPTeditor = {â¢},
OPTvolume = {â¢},
OPTnumber = {â¢},
OPTseries = {â¢},
OPTaddress = {â¢},
OPTmonth = {â¢},
OPTorganization = {â¢},
OPTpublisher = {â¢},
OPTnote = {â¢},
OPTannote = {â¢}
}
@Article{vanGenabith2001,
author = {Josef van Genabith},
title = {Metaphors, Logic and Type Theory},
journal = {Metaphor and Symbol},
year = {2001},
OPTkey = {â¢},
volume = {16},
number = {1-2},
pages = {23-57},
OPTmonth = {â¢},
OPTnote = {â¢},
OPTannote = {â¢}
}
@Book{VarelaEA1991,
author = {Francisco J. Varela and Evan Thompson and Eleanor Rosch},
title = {The Embodied Mind},
publisher = {The MIT Press},
year = {1991},
address = {Cambridge, MA},
}
@InCollection{Veale2003,
author = {Tony Veale},
title = {Dynamic Type Creation in Metaphor Interpretation and Analogical Reasoning: A Case-Study with WordNet},
booktitle = {Conceptual Structures for Knowledge Creation and Communication},
OPTcrossref = {â¢},
OPTkey = {â¢},
pages = {146-159},
publisher = {Springer},
year = {2003},
OPTeditor = {â¢},
OPTvolume = {â¢},
OPTnumber = {â¢},
OPTseries = {â¢},
OPTtype = {â¢},
OPTchapter = {â¢},
OPTaddress = {â¢},
OPTedition = {â¢},
OPTmonth = {â¢},
OPTnote = {â¢},
OPTannote = {â¢}
}
@Article{Veale2006,
author = {Tony Veale},
title = {An analogy-oriented type hierarchy for linguistic creativity},
journal = {Knowledge-Based Systems},
year = {2006},
OPTkey = {â¢},
volume = {19},
number = {7},
pages = {471-479},
OPTmonth = {â¢},
OPTnote = {â¢},
OPTannote = {â¢}
}
@Book{Veale2012,
author = {Tony Veale},
title = {Exploding the Creativity Myth},
publisher = {Bloomsbury},
year = {2012},
address = {London},
}
@Article{Veale2013,
author = {Tony Veale},
title = {A Service-Oriented Architecture for Computational Creativity},
journal = {Journal of Computing Science and Engineering},
year = {2013},
OPTkey = {â¢},
volume = {7},
number = {3},
pages = {159-167},
OPTmonth = {â¢},
OPTnote = {â¢},
OPTannote = {â¢}
}
@InProceedings{Veale2016,
author    = {Veale, Tony},
title     = {Round Up The Usual Suspects: Knowledge-Based Metaphor Generation},
booktitle = {Proceedings of the Fourth Workshop on Metaphor in NLP},
month     = {June},
year      = {2016},
address   = {San Diego, California},
publisher = {Association for Computational Linguistics},
pages     = {34--41},
url       = {http://www.aclweb.org/anthology/W16-1105}
}
@Article{VealeEA2007,
author = {Tony Veale and Yanfen Hao},
title = {Comprehending and Generating Apt Metaphors: A Web-driven, Case-based Approach to Figurative Language},
journal = {AAAI},
year = {2007},
pages = {1471-1476},
}
@inproceedings{VealeEA2008,
author = {Veale, Tony and Hao, Yanfen},
title = {A Fluid Knowledge Representation for Understanding and Generating Creative Metaphors},
booktitle = {Proceedings of the 22Nd International Conference on Computational Linguistics - Volume 1},
year = {2008},
location = {Manchester, United Kingdom},
pages = {945--952},
numpages = {8},
} 
@Inbook{VealeEA2015,
author="Veale, Tony and Valitutti, Alessandro and Li, Guofu",
editor="Streitz, Norbert and Markopoulos, Panos",
title="Twitter: The Best of Bot Worlds for Automated Wit",
bookTitle="Distributed, Ambient, and Pervasive Interactions: Third International Conference, DAPI",
year="2015",
publisher="Springer International Publishing",
pages="689--699",
doi="10.1007/978-3-319-20804-6_63",
url="http://dx.doi.org/10.1007/978-3-319-20804-6_63"
}
@techreport{VonNeumann1945,
author = {von Neumann, John},
title = {First Draft of a Report on the EDVAC},
year = {1945},
institution = {University of Pennsylvania},
} 
@incollection{VonUexkull1957,
author = {Jacob von Uexk\"{u}ll},
title = {A Stroll through the Worlds of Animals and Men: A Picture Book of Invisible Worlds},
booktitle = {Instinctive Behavior: The Development of a Modern Concept},
pages = {5--80},
year = {1957},
translator = {Claire H. Schiller},
editor = {Claire H. Schiller},
publisher = {International Universities Press, Inc.},
address = {New York City, NY},
annotation = {Originally appeared as von Uexk\"{u}ll (1934) Streifz\"{u}ge durch die Umwelten von Tieren und Menschen. Berlin: Springer.},
}
@Book{Wheeler2005,
author = {Michael Wheeler},
ALTeditor = {â¢},
title = {Reconstructing the Cognitive World},
publisher = {The MIT Press},
year = {2005},
OPTkey = {â¢},
OPTvolume = {â¢},
OPTnumber = {â¢},
OPTseries = {â¢},
OPTaddress = {Cambridge, MA},
OPTedition = {â¢},
OPTmonth = {â¢},
OPTnote = {â¢},
OPTannote = {â¢}
}
@InCollection{White2009,
author = {Graham White},
title = {On Scholarship},
booktitle = {Switching Codes: Thinking Through Digital Technology in the Humanities and the Arts},
OPTcrossref = {â¢},
OPTkey = {â¢},
OPTpages = {â¢},
publisher = {University of Chicago Press},
year = {2009},
editor = {Thomas Bartscherer and Roderick Coover},
OPTvolume = {â¢},
OPTnumber = {â¢},
OPTseries = {â¢},
OPTtype = {â¢},
OPTchapter = {â¢},
OPTaddress = {â¢},
OPTedition = {â¢},
OPTmonth = {â¢},
OPTnote = {â¢},
OPTannote = {â¢}
}
@Book{Whitehead1929,
author = {Alfred North Whitehead},
ALTeditor = {â¢},
title = {Process and Reality: An Essay in Cosmology},
publisher = {Cambridge University Press},
year = {1929},
OPTkey = {â¢},
OPTvolume = {â¢},
OPTnumber = {â¢},
OPTseries = {â¢},
OPTaddress = {â¢},
OPTedition = {â¢},
OPTmonth = {â¢},
OPTnote = {â¢},
OPTannote = {â¢}
}
@Book{WhiteheadEA1910,
author = {Alfred North Whitehead and Bertrand Russell},
ALTeditor = {â¢},
title = {Principia Mathematica},
publisher = {Cambridge University Press},
year = {1910},
OPTkey = {â¢},
OPTvolume = {â¢},
OPTnumber = {â¢},
OPTseries = {â¢},
OPTaddress = {â¢},
OPTedition = {â¢},
OPTmonth = {â¢},
OPTnote = {â¢},
OPTannote = {â¢}
}
@inproceedings{Widdows2003,
author = {Widdows, Dominic},
title = {Orthogonal Negation in Vector Spaces for Modelling Word-meanings and Document Retrieval},
booktitle = {Proceedings of the 41st Annual Meeting on Association for Computational Linguistics - Volume 1},
year = {2003},
pages = {136--143},
url = {http://dx.doi.org/10.3115/1075096.1075114},
doi = {10.3115/1075096.1075114},
} 
@Book{Widdows2004,
author = {Dominic Widdows},
title = {Geometry and Meaning},
publisher = {CSLI Publications},
year = {2004},
address = {Stanford, CA},
}
@Article{Wiedermann2012,
author = {Ji\u{r}\'{i} Wiedermann},
title = {A Computability Argument Against Superintelligence},
journal = {Cognitive Computing},
year = {2012},
number = {4},
pages = {236-245},
}
@Article{Wiggins2006,
author = {Geraint A. Wiggins},
title = {A preliminary framework for description, analysis and comparison of creative systems},
journal = {Knowledge-Based Systems},
year = {2006},
volume = {19},
pages = {449-458},
}
@Article{Wiggins2006b,
author = {Geraint A. Wiggins},
title = {Searching for Computational Creativity},
journal = {New Generation Computing},
year = {2006},
volume = {24},
pages = {209-222},
}
@Article{Wiggins2012,
author = {Geraint A. Wiggins},
title = {The Mind's Chorus: Creativity Before Consciousness},
journal = {Cognitive Computing},
year = {2012},
number = {4},
pages = {306-319},
}
@Article{Wilks1978,
author = {Yorick Wilks},
title = {Making Preferences More Active},
journal = {Artificial Intelligence},
volume = {11},
number = {3},
pages = {197--223},
year = {1978},
}
@inproceedings{Wille1982,
address = {Dordrecht/Boston},
author = {Wille, Rudolf},
booktitle = {Ordered Sets},
editor = {Rival, Ivan},
pages = {445--470},
publisher = {Reidel},
title = {Restructuring lattice theory: an approach based on hierarchies of concepts.},
year = 1982
}
@inbook{Wille2005,
author = {Wille, R.},
journal = {Formal Concept Analysis},
pages = {1--33},
title = {Formal Concept Analysis as Mathematical Theory of Concepts and Concept Hierarchies},
url = {http://dx.doi.org/10.1007/11528784\_1},
year = {2005},
}
@Article{Wilson1994,
author = {Robert A. Wilson},
title = {Wide Computationalism},
journal = {Mind},
year = {1994},
OPTkey = {â¢},
volume = {103},
number = {411},
pages = {351-372},
OPTmonth = {â¢},
OPTnote = {â¢},
OPTannote = {â¢}
}
@Book{WilsonEA2012,
author = {Deirdre Wilson and Dan Sperber},
title = {Meaning and Relevance},
publisher = {Cambridge University Press},
year = {2012},
}
@Book{Wittgenstein1922,
author = {Ludwig Wittgenstein},
ALTeditor = {â¢},
title = {Tractatus Logico-Philosophicus},
publisher = {Kegan Paul, Trench, Trubner \& Co, Ltd},
year = {1922},
OPTkey = {â¢},
OPTvolume = {â¢},
OPTnumber = {â¢},
OPTseries = {â¢},
address = {London},
OPTedition = {â¢},
OPTmonth = {â¢},
OPTnote = {â¢},
OPTannote = {â¢}
}
@Book{Wittgenstein1953,
author = {Ludwig Wittgenstein},
title = {Philosophical Investigations},
publisher = {Basil Blackwell},
year = {1953/1967},
address = {Oxford},
edition = {3rd},
note = {trans. G. E. M. Anscombe},
}
@Article{Wolff2007,
author = {Mark Wolff},
title = {Reading Potential: The Oulipo and the Meaning of Algorithms},
journal = {Digital Humanities Quarterly},
year = {2007},
volume = {1},
number = {1},
}
@article {WolffEA2011,
author = {Phillip Wolff and Dedre Gentner},
title = {Structure-Mapping in Metaphor Comprehension},
journal = {Cognitive Science},
volume = {35},
number = {8},
publisher = {Blackwell Publishing Ltd},
issn = {1551-6709},
pages = {1456--1488},
year = {2011},
}
@InCollection{Zach2006,
author = {Richard Zach},
title = {Hilbert's Program, Then and Now},
booktitle = {Philosophy of Logic},
OPTcrossref = {â¢},
OPTkey = {â¢},
pages = {411-447},
publisher = {Elsevier},
year = {2006},
OPTeditor = {â¢},
OPTvolume = {â¢},
OPTnumber = {â¢},
OPTseries = {â¢},
OPTtype = {â¢},
OPTchapter = {â¢},
address = {Amsterdam},
OPTedition = {â¢},
OPTmonth = {â¢},
OPTnote = {â¢},
OPTannote = {â¢}
}
